2730 4686
629 294 721 360 1457.

137 457 221 543 opus
235 460 297 534 est,
312 472 387 520 cum
402 473 461 520 eas
475 453 601 520 dudum
620 455 816 540 exposuerit
840 477 881 522 ac
893 461 898 495 ²
907 458 1053 523 refellere
1076 459 1238 528 studuerit
1260 522 1264 529 .

87 603 88 606 η
136 555 349 620 doctissimus
364 554 507 634 Praesul,
522 555 545 620 J
547 561 641 620 ustus
656 557 861 623 Fontauinus
876 558 909 621 in
925 559 1019 624 Hist.
1035 561 1115 626 Litt.
1131 559 1238 645 Aqui-

134 657 189 720 lei.
205 679 240 740 p.
255 658 309 721 36.
353 655 480 721 Eodem
504 657 581 721 loco
607 677 729 740 magua
752 680 828 722 cum
848 659 971 742 judicii
995 663 1178 727 subtilitate
1197 682 1238 731 uc
1264 721 1266 726 .

135 760 289 825 doctrina
298 761 349 823 vir
364 760 575 824 doctissimus
595 780 638 823 ex
650 759 793 842 'Virgilii
808 761 881 825 Ecl.
899 779 949 839 νι,
965 765 1009 826 74
1024 783 1099 846 sqq.
1123 783 1237 829 verum

136 860 224 925 Ciris
249 869 419 926 auctorem
431 863 572 959 eruisse
596 864 690 926 visus
715 871 777 941 est,
801 871 849 941 ut,
873 864 962 946 quod
988 864 1143 939 Gifanius
1161 865 1237 949 jam

135 964 214 1029 olim
229 965 418 1048 suspicatus
437 971 517 1042 erat,
534 966 670 1031 Barthio
693 986 774 1030 mox
793 968 967 1049 probante,
982 967 1012 1029 is
1039 964 1154 1029 Gallus
1178 968 1240 1046 sie

133 1066 232 1150 cujus
247 1067 393 1130 carmina
406 1067 472 1129 illis
488 1068 637 1130 versibus
658 1068 800 1149 attigerit
824 1067 926 1149 po'eta
940 1068 1047 1151 plura,
1063 1057 1236 1152 interque

134 1167 200 1232 duo
214 1168 351 1232 suerint:
375 1167 523 1243 alterum,
536 1167 625 1249 quod
639 1188 726 1233 nunc
739 1169 912 1246 habemus,
939 1168 1038 1246 Ciris,
1053 1170 1095 1233 de
1110 1169 1238 1254 Scylla,

136 1269 213 1334 Nisi
227 1269 264 1348 f,
274 1271 309 1333 in
320 1270 413 1333 cirim
427 1275 563 1345 mutata,
579 1270 717 1333 alterum
727 1269 898 1352 deScylla,
910 1269 1032 1335 Phorci
1044 1269 1129 1334 filia:
1149 1265 1238 1337 Quid

66 1371 67 1374 ’
133 1368 269 1456 loquor?
291 1379 346 1433 aut
360 1366 497 1453 Scyllam
513 1367 583 1431 Nisi
592 1368 609 1431 2
630 1380 687 1432 aut
702 1367 898 1456 quumfomu
912 1380 1015 1435 secuta
1028 1381 1068 1436 est
1089 1368 1236 1437 Candida

134 1473 317 1536 succinctam
328 1470 518 1535 latrantibus
533 1470 662 1556 inguina
674 1471 817 1534 monstris
838 1469 998 1535 Dulichius
1013 1493 1134 1536 vexasse
1156 1482 1237 1538 ναίω

135 1586 164 1640 et
173 1574 298 1662 gurgite
309 1574 342 1637 iu
361 1572 427 1638 alto
448 1573 503 1638 Al
519 1572 641 1637 timidos
656 1585 768 1638 notetus
783 1574 908 1637 cunibus
920 1573 1065 1638 lacerasse
1078 1571 1237 1640 marinis?

135 1676 216 1742 Non
230 1677 395 1760 equidem,
410 1683 568 1759 tauquam
592 1678 674 1740 satis
695 1677 815 1755 valida,
829 1684 1023 1759 argumenta
1037 1678 1148 1742 omnia
1165 1696 1240 1759 am-¹

134 1780 267 1861 plectar,
283 1797 358 1860 quae
368 1774 562 1858 illeattulit3
584 1798 645 1843 nec
655 1774 953 1862 tamenquicquam
963 1780 1143 1860 ingeniosae
1158 1800 1237 1845 cou-

130 1881 269 1964 jecturae
286 1881 419 1957 obstare
431 1879 549 1944 video:
583 1883 739 1944 convenit
763 1883 849 1944 enim
873 1887 958 1945 aetas
974 1881 1120 1945 Galliac
1144 1878 1236 1946 Mes·

135 1983 238 2063 salae;
260 1983 326 2044 nisi
340 1980 429 2064 quod
444 1979 578 2044 difficile
594 1987 644 2044 est
664 1982 708 2045 ad
730 1983 988 2064 intelligendum,
1004 2003 1069 2065 quo
1083 2003 1160 2047 cum
1173 1992 1237 2069 pu-'

134 2081 212 2146 dore
228 2088 278 2147 tot
291 2104 335 2148 ex
350 2080 417 2145 Ciri
431 2082 494 2145 hac
510 2102 625 2146 versus
640 2083 802 2165 Virgilius
816 2085 851 2147 in
874 2104 936 2147 sua
958 2084 1106 2147 carmina
1119 2089 1178 2149 aut
1191 2103 1237 2151 ex

134 2184 185 2248 his
199 2183 318 2250 Gallus
333 2184 368 2247 iu
383 2182 483 2248 Cirim
498 2184 659 2268 adoptare
673 2187 828 2269 potuerit.
875 2184 978 2263 Nam,
995 2186 1086 2269 quod
1100 2187 1237 2253 Gallmu

135 2284 323 2370 Epicureae.
338 2282 558 2370 philosophiae
591 2306 727 2370 operam
754 2286 885 2351 dedisse
912 2307 1001 2352 nunc
1032 2290 1236 2370 ignoramus,-

135 2390 255 2453 morari
274 2394 384 2471 potest
404 2389 579 2466 neminem,
595 2391 678 2471 quin
702 2391 902 2454 assentiatur
925 2389 1068 2454 Praesuli
1083 2391 1237 2473 dignissi·

135 2510 200 2555 mo.
245 2489 404 2572 Superest
424 2489 533 2570 igitur,
548 2495 585 2552 ut
598 2507 714 2552 versus
739 2489 815 2552 illos
830 2490 951 2554 seriore
967 2497 1066 2556 aetate
1080 2494 1122 2555 ab
1137 2494 1237 2558 inter·

131 2592 294 2675 polutrice
307 2609 408 2652 manu
423 2590 457 2652 in
478 2587 581 2652 Cirim
595 2589 746 2652 insertos
767 2607 841 2651 esse
855 2588 1027 2669 dicamus3
1056 2592 1147 2673 quod
1174 2610 1236 2657 uec

135 2693 350 2779 improbabile
361 2690 407 2755 fit.

177 2791 247 2871 Qui
275 2790 434 2855 Catullum
458 2811 520 2875 pro
538 2796 677 2856 auctore
702 2793 858 2855 carminis
884 2792 1026 2855 habuere
1049 2791 1238 2876 (inquibus
1263 2810 1270 2834 '-

134 2893 270 2977 Eglinus
293 2896 366 2974 fuit,
381 2881 483 2980 'cujus
511 2890 660 2956 Vindicis
685 2890 983 2956 CirisCatulliuuc
1006 2891 1107 2975 suut),
1130 2910 1244 2980 quum

134 2996 313 3080 doquidem
323 3017 400 3061 cum
414 2997 639 3082 Epithalamio
650 2996 803 3060 Thetidis
815 3003 849 3060 et
864 2995 955 3059 Pelei
969 2995 1126 3058 nonnulla
1135 3001 1237 3078 posse

134 3101 319 3181 comparari
341 3099 514 3178 videbant3
547 3118 612 3162 nou
639 3098 947 3174 animadverterunt,
979 3095 1150 3173 Messalae,
1169 3095 1238 3161 ‘cui
1257 3118 1268 3154 .·
1354 3171 1358 3179 Ι

134 3201 292 3284 inscripta
306 3208 357 3265 est
371 3199 471 3278 Ciris,
487 3207 586 3266 aetate
600 3221 636 3264 se
651 3201 754 3264 refelli
767 3221 775 3266 :
798 3220 875 3264 nam
898 3201 928 3263 is
942 3217 1069 3282 paucos
1084 3204 1160 3263 ante
1172 3196 1237 3263 Ca-
1313 3283 1319 3293 Ι

133 3300 206 3367 tulli
221 3303 347 3366 obitum
362 3321 465 3366 annos
479 3308 575 3366 naurs
590 3307 653 3366 est.
698 3300 766 3365 Sed
781 3303 899 3367 ethaec
916 3305 1070 3364 accurate
1083 3300 1238 3366 tractavit
1271 3346 1273 3350 2

136 3403 340 3468 Fontauinus
363 3404 442 3468 l.>c.
463 3423 550 3488 pag.
576 3404 631 3468 33.
657 3405 712 3468 36.
758 3403 836 3480 Quo
860 3409 1049 3484 argumento
1079 3397 1239 3469 Valerium

53 3547 55 3550 .
137 3501 286 3568 Catonem
311 3505 399 3569 Ciris
423 3511 591 3569 auctorem
613 3503 749 3568 ediderit
769 3504 903 3568 Delrius
925 3504 960 3565 in
980 3501 1166 3565 Commeut.
1187 3501 1237 3567 ud

135 3608 307 3686 Senecam,
323 3628 367 3672 ex
390 3609 461 3692 ejus
478 3606 589 3669 verbis
612 3604 750 3687 intelligi
777 3607 900 3688 nequit.
945 3602 1047 3681 Quod
1070 3603 1100 3664 si
1125 3607 1237 3664 tarum
1288 3664 1290 3670 ,

133 3708 313 3792 Virgilium
327 3715 495 3773 auctorem
511 3705 599 3771 Ciris
614 3706 774 3790 adoptare
796 3725 871 3769 cum
894 3704 1062 3785 Scaligero
1085 3708 1119 3765 et
1141 3699 1236 3782 aliis&

634 3926 741 3980 NOTAE

170 4085 284 4147 'Nuper
302 4093 410 4147 queque
440 4078 484 4130 Jo.
510 4074 666 4127 Schraderus
698 4069 863 4132 studiosum
880 4084 928 4120 uec
943 4074 1028 4120 tamen
1045 4067 1237 4134 isugumeutip

136 4160 272 4210 Emendu.
283 4174 306 4207 c.
318 4161 333 4206 ⁸
345 4170 402 4220 pag.
414 4159 444 4205 sl
456 4151 566 4219 Virgillo
583 4151 664 4204 Cirlm
704 4147 873 4213 gravioribus,
879 4161 956 4212 quam
963 4145 1016 4211 uit,
1022 4142 1150 4196 suffultus.
1162 4144 1237 4199 Idem

201 4239 288 4303 Delph.
299 4242 323 4287 et
335 4237 390 4287 Ver.
401 4236 463 4286 Clas.
652 4228 721 4294 Virg.
964 4278 970 4282 ,
1041 4272 1044 4279 2
1117 4228 1133 4275 l
1150 4225 1172 4274 Z
