2730 4686
206 359 292 424 llll
550 373 582 420 r.
606 371 768 421 vrncrsu
794 371 961 420 ussurus
1020 336 1027 353 ⁸

205 516 297 582 Aura
313 518 512 582 susurrantis
526 519 634 602 possit
648 517 847 582 contundere
861 516 963 580 venti.

248 620 383 697 Pastor,
397 625 435 685 ut
449 620 492 683 ad
506 619 629 684 fontem
643 619 747 683 densa
759 619 923 702 requievit
935 617 970 679 in
984 616 1112 693 umbra,
1244 613 1306 678 155

206 721 327 787 Mitem
341 722 496 804 concepit
509 722 675 806 projectus
688 722 836 784 membra
848 738 1012 802 soporem,

205 816 341 887 Anxius
355 823 484 888 insidiis
498 823 619 886 nullis:
643 821 703 885 sed
717 823 826 885 lentus
841 822 874 883 in
888 821 997 884 herbis

207 923 330 988 Securo
344 942 479 1006 pressos
493 941 609 986 somno
622 922 839 986 mandaverat
852 927 960 985 artus:

207 1024 336 1088 Stratus
351 1025 441 1088 humi
456 1023 587 1088 dulcem
601 1025 758 1107 capiebat
772 1024 872 1088 corde
887 1024 1048 1106 quietem:

208 1125 256 1190 Ni
272 1126 356 1189 Fors
369 1127 511 1189 incertas
520 1125 681 1208 jussisset
693 1126 813 1191 ducere
828 1145 940 1190 casus.
1223 1177 1231 1186 .
1246 1124 1310 1190 160

206 1226 298 1291 Nam
314 1228 448 1292 solitum
463 1230 601 1293 volvens
615 1228 660 1292 ad
673 1233 805 1313 tempus
819 1229 982 1293 tractibus
996 1228 1102 1291 isdem

207 1329 368 1394 Immanis
382 1331 476 1395 vario
490 1331 675 1393 macidanrs
690 1350 829 1414 corpore
843 1349 988 1412 serpens

209 1429 343 1494 Mersus
357 1432 441 1496 utin
456 1431 536 1495 limo
551 1449 671 1514 magno
685 1430 869 1495 subsideret
884 1435 980 1507 aestu,

208 1531 320 1596 Obvia
331 1534 474 1597 vibranti
488 1553 628 1617 carpens
642 1533 754 1614 gravis
768 1531 848 1596 aera
859 1533 982 1613 lingua,

145 1631 151 1645 ¹
209 1634 498 1718 Squamososlatc
511 1627 686 1719 torquebat
699 1635 965 1699 motibusorbes.
1132 1709 1134 1712 y
1247 1634 1311 1698 165

671 1783 848 1803 “huenen

209 1865 400 1978 talitali
412 1864 672 1980 ridlibmi'rir'ii'i‘?
689 1859 1310 1987 malditdrlalallttlai

210 1994 333 2042 Barthins
345 1965 400 2055 xxi,
411 1998 443 2043 24
454 1946 624 2044 emeddabat:
653 1994 793 2058 Baebiana
808 2008 878 2056 saper
891 1992 965 2042 demi.
984 2006 1035 2054 aaa
1044 1996 1110 2039 vett.
1123 1988 1184 2038 edd.
1195 1996 1224 2037 et
1235 1989 1310 2038 codd.

210 2056 1051 2171 11ῃέ3110Ρ11111111311131111111ῑὶ1
1072 2053 1312 2178 blitilde

211 2182 309 2232 dumos.
339 2136 572 2246 posdtwdlbntiarrgus
587 2157 660 2232 ’liber
676 2187 709 2232 Se
735 2186 779 2248 ig„
797 2185 840 2249 qui
856 2185 970 2247 explicat
987 2134 1104 2248 scipiadas,
1121 2181 1210 2246 qrtssi:
1229 2182 1312 2244 poscit

210 2245 268 2308 sibi,
291 2247 447 2310 aggreditur.
480 2248 522 2295 Sic
545 2256 572 2296 et
595 2249 645 2297 Ma.
668 2247 871 2297 flebant—155.
893 2250 925 2296 ad
940 2248 1022 2308 fontes
1043 2254 1106 2297 vett.
1125 2246 1185 2295 edd.
1204 2247 1312 2294 mutavit

210 2309 303 2358 Bemb.
335 2311 454 2374 rensidus
463 2311 533 2388 conj.
547 2311 646 2372 Helas,
657 2319 685 2361 et
697 2327 757 2361 mox
774 2317 895 2375 pamelio
913 2311 1104 2363 Lindenbrucb.
1137 2311 1261 2373 Scaliger,
1270 2309 1311 2374 qni

148 2421 153 2439 ,
209 2373 276 2421 banc
292 2375 377 2424 locum
390 2375 587 2438 transpositione
597 2390 688 2426 sanare
702 2376 783 2426 voluit
799 2376 862 2439 (vid.
881 2375 915 2424 ad
925 2391 951 2425 r.
965 2380 1012 2426 1⁰0
1031 2382 1060 2425 et
1078 2373 1145 2440 tlt),
1159 2375 1266 2437 reJectis
1277 2373 1310 2422 ad

210 2438 342 2501 superiora
353 2439 467 2489 tersibus
480 2443 536 2489 lob.
546 2444 593 2488 rot
604 2441 641 2489 sic
650 2440 818 2504 interpolavit
827 2440 883 2490 bac
896 2456 902 2489 :

437 2503 526 2552 Pastor
533 2509 560 2554 at
571 2505 602 2553 od
612 2502 697 2555 sontes
706 2506 778 2554 desso
788 2505 913 2569 requietis
921 2504 947 2553 is
958 2502 1041 2554 ambro

437 2567 524 2617 &aa
530 2583 622 2632 presscs
629 2583 708 2618 mna
717 2572 869 2619 mondaverat
880 2575 958 2618 ortior

437 2632 536 2682 Stratus
543 2634 608 2682 bsmi
618 2636 711 2683 dulcem
720 2635 826 2698 capiebat
836 2635 904 2683 corde
914 2635 1024 2697 paleira

316 2720 323 2745 z
438 2698 473 2746 Ni
478 2697 535 2757 sors
545 2700 645 2747 tarenos
655 2699 763 2759 juram
775 2699 862 2748 dicere
873 2713 949 2760 caes,
959 2705 1013 2746 etc.

212 2757 284 2809 Nibll
311 2765 352 2809 est
378 2775 411 2809 ex
437 2762 563 2822 omnibus,
596 2763 664 2827 quod
692 2764 801 2825 placeat.
854 2763 919 2812 Mihi
944 2775 1032 2810 ornnes
1058 2775 1109 2809 rss.
1135 2763 1182 2809 157
1208 2759 1241 2808 ad
1267 2763 1312 2808 16⁰

205 2822 294 2887 ‘usqae
319 2825 471 2875 Scholastici
496 2841 601 2889 operam
623 2827 841 2877 redolent—158.
863 2827 941 2886 ferros
957 2841 1007 2874 em.
1024 2825 1129 2875 Nadell.
1154 2824 1233 2873 Obss.
1256 2824 1314 2873 crit.

206 2950 209 2957 .
233 2923 239 2936 .
265 2890 307 2945 18,
331 2890 401 2952 atqui
427 2904 477 2938 non
501 2891 583 2939 minus
609 2891 672 2941 illud
698 2892 763 2940 bene
789 2892 984 2940 dicitas-llll.
1012 2894 1069 2939 loo.
1093 2890 1212 2953 Uterque
1227 2901 1314 2937 versus

212 2901 313 3001 belsia
337 2959 398 3002 stant
422 2953 504 3017 inepti
521 2953 719 3003 versificatoris:
749 2955 792 3066 ptri
809 2956 922 3003 variavit
939 2961 967 3003 et
985 2952 1134 3003 obscuravit
1151 2953 1315 3012 seutentiam,

213 3029 272 3079 qnae
298 3015 328 3064 iis
356 3017 464 3066 sublatis
485 3019 550 3066 bene
566 3019 693 3082 procedit,
708 3033 783 3068 mco
810 3035 835 3068 v.
859 3024 904 3068 ltll
934 3032 981 3081 pro
1004 3019 1068 3067 Nara
1084 3014 1236 3066 restituatur
1257 3018 1315 3064 Cara

206 3079 262 3129 boe
279 3080 370 3129 modo:
398 3082 663 3131 Pastor...moadaaerut
687 3089 770 3133 mas:
797 3084 856 3131 Cum
877 3083 971 3131 amam
987 3084 1078 3130 oolress
1103 3082 1135 3129 ad
1159 3085 1178 3129 t.
1206 3084 1315 3130 a-tor.

213 3144 329 3193 baralus
354 3145 435 3208 lydroe
463 3146 513 3193 Ms.
544 3146 666 3204 Helmst„
689 3154 717 3195 et
743 3149 799 3196 bac
828 3157 884 3196 erat
910 3147 1007 3196 Aldina
1032 3146 1112 3194 lectio
1129 3161 1162 3195 ex
1179 3144 1317 3207 interpola·

213 3209 286 3257 tione
296 3207 384 3257 dareta.
418 3210 491 3259 Vett.
513 3208 572 3259 edd.
589 3211 660 3270 idem,
672 3212 722 3260 Ms.
735 3211 833 3261 Koeler.
844 3213 915 3270 idern,
927 3220 955 3260 et
972 3212 998 3259 in
1014 3225 1096 3273 marg.
1114 3210 1146 3258 al.
1182 3210 1239 3258 Idm
1248 3224 1256 3263 ς
1279 3209 1315 3257 sic

214 3279 242 3321 et
252 3270 351 3321 Thoan.
387 3273 436 3320 ldae
449 3273 541 3322 Petsv.
576 3274 618 3322 Ide
630 3277 703 3324 Voss.
715 3275 827 3324 Renibus
839 3285 924 3325 auteur
942 3277 1040 3325 iisdem.-
1056 3275 1156 3338 hocque
1167 3280 1316 3321 revocatum

213 3334 247 3385 ab
259 3337 405 3401 scaligero:
424 3351 476 3387 nou
487 3337 554 3388 enim
564 3342 654 3386 tructus
666 3354 721 3388 esse
734 3340 861 3403 serpentis
876 3339 1061 3404 (snbjiciuntur
1076 3339 1114 3387 illi
1128 3353 1167 3387 vs.
1180 3337 1254 3397 165);
1272 3336 1316 3386 sed

208 3400 263 3450 'loca
274 3403 363 3451 eodem.
397 3404 488 3451 calceas
499 3411 584 3453 autem
596 3403 636 3452 vel
646 3418 680 3466 se,
697 3405 739 3453 vel
754 3406 846 3453 rolrena
861 3404 991 3467 improbat.
1024 3403 1055 3452 ln
1067 3402 1127 3451 edd.
1139 3401 1242 3451 Fsbric.
1258 3401 1318 3449 sesi·

214 3471 266 3515 tara
281 3470 381 3516 mitens.
417 3468 537 3517 ltsrtlrius
550 3483 610 3532 xxi,
618 3471 650 3518 18
666 3469 823 3518 emendabat
833 3485 853 3517 s.
869 3468 1053 3518 armana
1070 3468 1208 3525 motio,
1219 3480 1316 3529 corpas

214 3545 235 3580 s.
245 3529 335 3581 Heius.
348 3531 607 3582 involem...tracrttas
624 3535 711 3582 andam
727 3535 768 3583 vel
789 3533 899 3582 umbras:
926 3546 1015 3595 parurn
1027 3530 1154 3589 feliciteu
1177 3529 1245 3579 idern
1258 3542 1318 3578 mox

215 3597 346 3644 maculatas
357 3597 546 3658 tergore-16³.
562 3598 694 3648 wbddaet
712 3599 838 3648 Berrrbina
858 3597 1012 3655 emendatio,
1023 3596 1109 3644 nescio
1129 3610 1160 3643 au
1178 3595 1240 3644 satis
1261 3608 1319 3656 pro·

217 3658 311 3722 banda,
322 3659 605 3724 recaptasscaltgero.
639 3665 713 3713 Vett.
735 3662 794 3712 edd.
812 3662 854 3711 aab
869 3662 954 3709 sideris
972 3665 1041 3708 resta
1076 3663 1187 3722 ¹torpens
1207 3659 1233 3706 in
1251 3659 1319 3715 linio,

237 3739 294 3774 uern
307 3723 365 3774 sous
376 3726 401 3773 in
415 3722 555 3788 propinquo
567 3724 663 3777 efftrsus
675 3727 780 3789 fecerat,
793 3741 807 3775 a
817 3727 877 3775 solis
887 3734 950 3773 astu
961 3740 1080 3789 recreare
1088 3739 1116 3772 se
1127 3723 1239 3771 volebat.
1249 3721 1319 3772 conf.

218 3740 269 3840 dle.
280 3794 388 3853 trualt,
421 3801 518 3850 magnos
527 3784 654 3839 ubsweret
666 3799 738 3843 anas
752 3793 807 3858 jam
822 3791 911 3840 Heius.
931 3789 1077 3838 emendavit
1094 3787 1126 3836 ad
1144 3788 1201 3835 AEn.
1215 3790 1320 3847 sabell,

218 3853 263 3903 ubi
275 3855 324 3904 alia
336 3854 455 3918 exempla
465 3849 550 3917 quarti
560 3863 634 3899 casus
653 3858 893 3908 stimulavit-llll.
912 3855 989 3902 Obvia
1007 3853 1111 3903 ribraatl
1123 3866 1208 3915 grace
1220 3851 1318 3899 dictum

238 3926 341 3981 utapro
353 3918 488 3977 adverbio;
515 3915 623 3975 obviam,
645 3918 780 3970 adversum
800 3921 886 3970 vibrat
904 3919 997 3981 lingna.
1032 3919 1091 3966 Non
1115 3915 1271 3978 expediebat
1292 3928 1319 3963 se

218 3933 299 4030 bonus
308 3984 495 4031 Taubmanaus.
526 3977 733 4042 grassamur
748 3987 840 4034 anima.
875 3985 984 4042 cenni,
996 3988 1043 4032 415
1063 3997 1149 4042 graues
1167 3981 1251 4028 adore
1268 3980 1319 4040 rbe-

218 4045 306 4105 lydms.
348 4062 446 4109 carpens
462 4047 519 4094 o'e'ro
537 4046 620 4107 lingua
635 4043 748 4107 uibranti,
768 4057 866 4097 exerta.
907 4049 991 4096 Miror
1011 4061 1070 4095 vero
1091 4045 1217 4120 placuisse
1235 4044 1321 4106 potita

217 4121 322 4166 carpens,
335 4109 505 4167 nantoniacus,
517 4111 585 4173 quod
598 4109 699 4158 solenne
711 4118 760 4158 cst.
787 4111 875 4159 lirina.
888 4111 955 4174 conj.
986 4110 1062 4158 Odeis
1073 4108 1178 4157 abrami
1187 4110 1321 4171 decerpas,

218 4169 270 4226 vel,
280 4171 404 4230 detergens
420 4172 532 4232 gramina
548 4173 638 4234 lingua.
672 4170 713 4223 Jo.
730 4173 867 4224 Schrader.
900 4175 1090 4240 corpmgrarls
1107 4188 1148 4221 one
1165 4172 1321 4233 trilingui.-

217 4235 274 4281 los.
288 4231 347 4280 lotis
355 4232 399 4282 ed.
411 4241 531 4296 vet.,nee
546 4238 628 4299 mater
641 4233 787 4289 amsa:
804 4238 928 4288 matilas.
958 4239 1072 4288 Solenne
1088 4243 1158 4286 esset
1173 4235 1316 4286 mbas.-
