2730 4686
420 769 466 845 P.
493 767 728 845 VlRGlLll
755 764 1013 848 MARONIS

352 1034 1066 1242 ounnx

535 1482 603 1548 Ab
627 1482 906 1548 OcTAvlulm

511 2130 924 2196 ARGUMENTUM.
1011 2215 1013 2218 Α

212 2278 363 2346 Plsron
388 2297 517 2363 gregem
540 2298 637 2343 mane
661 2281 697 2343 in
714 2299 843 2364 pascua
865 2280 1019 2346 eductum
1043 2282 1106 2347 sub
1127 2282 1272 2347 medium

169 2383 257 2449 diem
281 2382 324 2446 ad
339 2381 463 2446 fontem
486 2381 520 2445 in
543 2401 621 2463 agro
635 2380 797 2445 Thebano
821 2383 882 2447 sub
897 2380 1085 2448 Cithaerone
1099 2382 1159 2469 (cs.
1177 2384 1221 2448 od
1237 2406 1271 2450 v.

167 2482 249 2569 108)
263 2483 475 2567 compulerat,
490 2483 547 2566 qui
561 2488 630 2546 eret
651 2484 687 2546 iu
701 2483 789 2546 valle
818 2485 971 2567 sylvose:
993 2488 1067 2568 ipse
1086 2485 1188 2567 juxta
1200 2486 1272 2549 sou-

166 2594 236 2654 tem
247 2585 398 2651 recubuit
411 2589 446 2648 et
460 2569 785 2650 obdormivitdool
812 2584 902 2650 Ecce
916 2607 1053 2668 mugnus
1067 2606 1212 2670 serpeus,
1227 2606 1273 2650 ex

167 2687 345 2773 hydrerum
361 2704 489 2767 genere,
501 2686 535 2748 iu
549 2685 646 2762 locis,
656 2705 733 2769 quae
749 2685 840 2751 eirea
850 2684 974 2751 sontem
988 2692 1090 2764 eraut,
1099 2685 1273 2770 paludosis

170 2796 288 2856 uestrum
301 2790 411 2853 levare
426 2787 556 2863 solitus,
571 2786 758 2852 advolvitur
775 2791 809 2851 et
821 2789 950 2869 pastori
963 2788 1067 2852 iratus
1082 2787 1274 2852 imminet-

671 2934 778 2985 NOTAE

203 3028 702 3093 ¹Petovinnoeodicipraescriptseraut
740 3030 842 3079 vinnum
850 3031 980 3080 cesarem
988 3032 1064 3095 vulgo
1073 3027 1276 3094 intelligiridem

168 3105 240 3155 berc:
266 3106 282 3134 ‘⁶
304 3105 443 3154 Poetarum
461 3106 648 3169 sapientissimi,
668 3106 699 3156 P.
739 3121 877 3170 perperam
897 3107 994 3172 ntique.
1037 3106 1102 3155 Cum
1122 3104 1145 3154 ei
1163 3104 1274 3168 primum

116 3218 124 3233 ῃ
167 3181 201 3231 V.
211 3181 250 3230 Μ.
263 3180 431 3244 condiscipuli
443 3180 581 3230 Octaviani
592 3180 701 3231 Caesnris
740 3181 933 3231 commendatus
945 3189 985 3230 est
1000 3181 1077 3230 Mero
1092 3180 1275 3239 uMaecenste,

169 3255 281 3321 Augusti
293 3255 380 3304 mundi
390 3255 566 3318 Imperatoris,
572 3256 701 3320 juvenulis
740 3270 792 3305 uon
804 3257 859 3320 jem
879 3257 993 3305 Ootonim
1003 3262 1069 3317 eret,
1079 3254 1125 3304 sed
1136 3256 1219 3302 castr
1231 3254 1277 3302 οο-

170 3331 343 3382 ludilibellus.
376 3332 474 3394 Incipit
485 3332 593 3381 Cuicul·
740 3331 865 3388 lavinum
881 3345 929 3381 nec
939 3346 1008 3394 puer,
1025 3328 1181 3391 sedjuoesir,
1198 3333 1227 3376 ut
1249 3327 1276 3375 ln

203 3407 521 3471 Cnmdifficnltutes,quoe
539 3408 565 3456 iu
582 3408 630 3456 boe
646 3421 701 3457 ear·
741 3407 830 3456 Ecll.
864 3408 922 3457 Nee
935 3405 1173 3468 nucleorumque
1184 3403 1276 3452 denen

170 3485 240 3537 mine
250 3490 399 3546 occurrunt,
408 3483 528 3533 lectionis
539 3482 595 3533 fere
612 3484 702 3548 depru-
741 3481 811 3533 vocis
822 3481 1030 3545 pueridisputsri
1041 3482 1132 3530 solent
1164 3477 1277 3529 Videtur

170 3571 239 3616 retro
265 3563 402 3627 stribligiui
428 3562 585 3612 debeantur:
619 3565 703 3627 plero-
742 3574 799 3611 esse
810 3561 947 3622 Octavius,
963 3559 1037 3622 eujus
1054 3559 1080 3606 in
1092 3555 1234 3607 Cnteleetis
1249 3569 1276 3604 u.

171 3654 278 3705 rumque
299 3639 413 3687 locorum
438 3635 557 3686 enodatio
584 3654 617 3688 ex
637 3638 700 3688 Vnr.
742 3649 792 3685 xrv
808 3633 967 3696 mendant,
992 3648 1041 3684 nee
1059 3641 1146 3682 tumen
1164 3636 1278 3695 constet,

170 3715 246 3767 lect
257 3713 419 3778 expositione
430 3713 480 3762 erit
491 3713 612 3775 petenda.
741 3716 808 3764 situe
825 3714 902 3777 idem,
911 3714 956 3778 qui
973 3728 1016 3776 sp.
1033 3713 1128 3762 Horat.
1163 3710 1277 3759 Octorius

195 3788 702 3854 Exordinmneqneaduldcontinuetnr.
741 3790 850 3855 optime.
885 3789 942 3839 Nisi
961 3789 1060 3838 Statius
1080 3802 1138 3837 eum
1153 3786 1277 3836 Martiale

171 3867 298 3931 Exposito
318 3872 477 3930 argumento,
494 3862 628 3923 Phoebum,
646 3864 703 3911 Mu·
742 3872 770 3916 et
791 3867 914 3918 Suetonio
943 3866 1039 3916 Culicis
1061 3863 1197 3928 Virgilium
1221 3863 1278 3925 jem

170 3952 221 4004 ses,
230 3947 258 3990 et
265 3942 365 4004 Palem,
374 3946 429 3989 tum
438 3939 576 3991 octarium
585 3937 703 3986 invocet:
742 3942 926 4004 meminissent,
937 3940 1042 3992 Octavii
1053 3953 1146 3988 nomen
1157 3936 1277 3986 fraudem

172 4029 249 4078 quem
260 4030 366 4079 puerum
377 4016 502 4079 appellnt,
510 4015 633 4078 cujusque
641 4025 702 4060 uon·
742 4016 836 4067 secisse
858 4014 1031 4081 grammaticis
1053 4013 1177 4075 diceres,
1193 4016 1223 4060 ut
1243 4011 1277 4060 nd

172 4090 233 4139 dnm
251 4092 703 4156 resullesgestns,qumcommemo·
743 4093 877 4144 Meteonem
904 4098 1036 4143 auctorem
1064 4103 1169 4142 cumen
1197 4084 1278 4140 refer·

174 4183 230 4218 rere
243 4174 340 4234 posset,
352 4168 470 4218 babuisse
483 4168 592 4219 videtur.
624 4167 704 4219 oue
744 4175 813 4219 rent.
