2730 4686
452 350 624 400 AENEIDOS
648 350 721 399 uin.
742 349 812 397 xil.

87 490 241 576 Corripit,
257 497 291 556 et
304 493 444 557 venienti
459 492 575 557 Ebuso
589 493 785 576 plagamque
798 489 912 554 serenti

87 591 241 677 Occupat
255 614 294 658 os
308 595 460 659 flammis.
506 594 573 659 Olli
589 596 702 675 ingens
715 593 821 657 barba
835 591 967 668 reluxit,

86 691 310 777 Nidoremque
325 696 478 760 ambusta
491 695 592 759 dedit.
637 695 743 777 Super
756 696 830 776 ipse
843 696 976 756 secutur

85 790 265 858 Caesariem
278 797 367 859 laeva
377 788 498 860 turbati
513 796 650 878 corripit
663 795 778 870 hostis,

86 890 320 978 Impressoque
335 915 419 978 genu
433 898 541 961 nitens
555 903 650 960 terrae
666 896 818 978 applicat
832 897 956 977 ipsum3

86 991 141 1058 Sic
157 996 264 1079 rigido
277 999 364 1061 latus
379 1017 456 1063 ense
471 999 554 1063 ferit.
600 997 793 1061 Podalirius
809 994 928 1059 Alsum
962 1033 963 1036 =

87 1092 269 1177 Pastorem,
284 1100 458 1182 primaque
473 1099 545 1161 acie
560 1118 619 1180 pcr
633 1099 698 1161 tela
710 1102 868 1171 ruentem,

87 1193 174 1259 Ense
189 1216 329 1280 sequens
343 1199 433 1262 nudo
450 1200 712 1283 superimminet:
735 1199 788 1261 ille
803 1197 910 1262 securi

85 1294 228 1361 Adversi
241 1299 380 1363 frontem
393 1301 538 1363 mediam
551 1307 760 1383 mentumque
773 1301 910 1362 reducta

86 1396 237 1481 Disjicit,
253 1405 285 1462 et
298 1419 415 1483 sparso
429 1402 496 1464 late
510 1402 593 1482 rigat
607 1419 698 1463 arma
712 1419 837 1463 cruore.

85 1496 152 1561 Olli
166 1499 249 1562 dura
262 1503 356 1583 quies
370 1502 485 1565 acidos
500 1508 532 1564 et
546 1501 668 1564 ferreus
683 1505 775 1581 urget

85 1596 243 1680 Somnus;
266 1603 301 1665 in
316 1608 470 1674 aeternam
485 1600 678 1666 clauduntur
690 1600 815 1662 lumina
827 1603 969 1663 noctem.

127 1701 175 1766 At
187 1705 264 1785 pius
278 1705 405 1767 AEneas
419 1705 572 1767 dextram
586 1703 741 1765 tendebat
754 1702 911 1764 inermem

85 1803 220 1868 Nudato
236 1807 358 1888 capite,
374 1812 472 1888 atque
484 1822 562 1869 suos
577 1805 720 1867 clamore
733 1804 893 1867 vocabat:

85 1903 164 1982 Quo
177 1906 292 1970 ruitis'l
316 1925 435 1990 quaeve
450 1907 517 1971 ista
530 1925 648 1988 repens
664 1904 829 1968 discordia
843 1904 970 1984 surgiti

84 2116 142 2173 tarr,
153 2116 176 2158 et
188 2125 310 2159 animem
325 2112 447 2187 intercipit
456 2111 564 2174 flarmnie
579 2112 669 2159 cultam
686 2110 760 2159 Euat
778 2110 892 2159 irruentia
910 2115 933 2158 et
953 2107 1076 2170 inferentia
1091 2109 1189 2157 aima:

83 2190 168 2236 mgna
180 2174 253 2222 barba
269 2174 362 2232 retal-ru
379 2176 424 2236 illi,
443 2182 466 2224 et
482 2177 584 2223 mutata
602 2175 680 2224 eruut
697 2176 814 2224 nidorem:
831 2176 880 2238 ipre
900 2173 1049 2223 Chorinreua
1068 2172 1191 2222 mamm

191 2239 344 2301 apprehendit
356 2253 431 2288 manu
442 2241 539 2289 natura
549 2255 637 2288 emnam
647 2238 737 2288 turbati
752 2240 833 2301 baalia
845 2245 868 2289 ct
879 2239 997 2288 ablactare
1007 2239 1115 2301 imposita
1124 2251 1188 2299 geu

82 2303 169 2351 cimil
180 2317 231 2351 eum
242 2303 320 2350 tami:
335 2304 370 2351 ric
375 2302 440 2362 fodit
452 2305 515 2353 lanu
524 2305 582 2353 dura
590 2305 679 2364 gladio.
697 2304 834 2352 Podalirius
841 2318 938 2366 aequent
948 2318 1001 2352 ente
1011 2302 1095 2351 encta
1104 2301 1189 2351 niun

79 2372 208 2430 marem,
218 2371 241 2414 et
253 2367 278 2413 in
287 2367 365 2429 prima
374 2369 468 2429 agmine
472 2368 610 2430 fugientem
624 2369 688 2416 inter
698 2383 773 2429 mma,
791 2369 865 2417 iactat
883 2368 931 2417 ilii:
949 2368 989 2416 ille
1000 2368 1095 2415 reducta
1111 2365 1188 2414 meari

80 2436 145 2480 cecat
157 2429 264 2490 frontem
276 2432 376 2480 mediam
385 2437 409 2480 ct
420 2437 523 2481 numm
533 2433 632 2496 oppositi
643 2432 733 2494 baetis,
743 2437 766 2480 et
776 2433 824 2480 late
835 2432 896 2494 tegit
910 2448 977 2480 arma
987 2430 1074 2495 diffuso
1085 2429 1187 2481 cerebro.

81 2493 174 2544 Acerba
192 2496 256 2559 quiea
275 2501 298 2543 et
312 2495 408 2555 ferreae
417 2511 510 2545 commu
524 2497 611 2560 pretim
622 2497 657 2545 illi
674 2497 757 2557 mbr,
774 2497 834 2544 oculi
850 2497 990 2545 clareduatur
1007 2499 1033 2543 ia
1048 2499 1188 2557 perpetuam

83 2563 182 2608 autera.
216 2558 263 2608 Sed
279 2559 334 2622 piac
344 2562 433 2608 AEaeaa
449 2561 527 2623 capite
538 2565 619 2624 aperta
635 2559 771 2623 proferebat
790 2562 899 2609 dextram
917 2564 1073 2621 cucumam,
1083 2564 1106 2606 et
1117 2559 1189 2615 iacia-

83 2637 150 2671 naar
166 2623 262 2672 uacabat
279 2639 346 2673 eaor:
364 2625 416 2679 Quo
427 2621 541 2673 curritis?
556 2629 598 2674 auct
614 2639 720 2687 quanam
731 2623 780 2672 ltaec
796 2624 908 2672 marcario
926 2622 1048 2687 repentina
1065 2619 1159 2672 oritur?
1174 2637 1189 2670 a

548 2743 605 2762 “00
608 2742 679 2762 ΟΙΝΙ
682 2742 725 2761 001

83 2816 127 2864 alii
140 2815 276 2878 Gloriatur,
289 2817 508 2866 Cariniana—299.
527 2816 606 2881 Ebyso
626 2817 700 2865 Rom.
721 2815 818 2865 Medic.
835 2821 862 2864 et
877 2830 919 2878 ap.
940 2811 1062 2863 Nonium.
1097 2810 1189 2860 Hebeaa

84 2880 188 2928 Zalicb.
222 2882 305 2942 Alapta
319 2882 406 2943 Bigot.
441 2882 534 2930 Euticu
546 2882 748 2930 batvin-auc.
768 2876 1189 2940 OllieMedic.Heins.praruig.

84 2945 136 2992 ltu,
161 2943 245 2992 celarit
257 2945 366 2995 Dorvill.
392 2946 489 3008 reslurcit
499 2946 675 3009 bigot-aar.
692 2945 735 2994 ille
765 2960 786 2994 r.
799 2944 941 3007 liuniburg.
967 2944 1057 2992 locatur
1070 2940 1190 2992 Parthae.

84 3010 175 3056 -303,
194 3007 483 3072 imprmaaqaeDorrill.
516 3010 676 3122 impressaque
687 3010 729 3059 Ga
761 3012 927 3060 ,rec-itti.
944 3007 1081 3056 Podariliue
1091 3003 1190 3056 Medic.

85 3071 223 3120 Polidaciru
234 3072 316 3135 multi.
343 3073 481 3122 Potidariue
491 3074 558 3122 Parr
575 3089 611 3123 aa.
622 3081 651 3123 et
668 3073 746 3124 Gau.
763 3077 915 3124 tert-805.
931 3073 957 3120 in
966 3073 1043 3135 prima
1055 3087 1078 3119 a.
1090 3071 1190 3135 aliquot

85 3151 128 3199 ap.
150 3136 238 3185 Burni.
271 3152 313 3199 que
331 3137 352 3184 si
371 3139 481 3201 abesset,
500 3138 608 3186 coartior
628 3139 712 3187 exiret
734 3138 851 3187 'unctura
870 3137 1015 3187 verborum.
1045 3135 1101 3198 prin

84 3200 159 3249 aciem
169 3199 280 3249 Oudart.
293 3207 320 3250 ct
332 3201 532 3252 norun-aua.
548 3202 701 3266 supereminet
719 3155 797 3252 datu.
815 3218 853 3277 pr.
866 3210 893 3253 et
905 3210 966 3251 tert.
981 3215 1039 3250 curn
1052 3206 1116 3249 vett.
1129 3215 1143 3248 e

83 3268 175 3313 -aoa
193 3265 294 3313 Diaudt
305 3266 387 3327 multi,
403 3267 481 3315 etiam
491 3274 556 3316 vett.
567 3267 637 3325 edd,
648 3274 677 3316 ut
688 3273 715 3316 et
727 3267 802 3328 alibi;
820 3267 897 3331 idque
907 3265 1008 3330 recepit
1020 3264 1190 3328 Cuningbam.

84 3343 194 3393 cumque
206 3344 237 3378 eo
250 3329 352 3379 ll'akef.
363 3337 484 3394 tauquam
495 3332 629 3396 antiquum
639 3345 694 3382 roc.
705 3332 823 3393 diuicere,
832 3331 970 3380 dissecare.
997 3329 1105 3378 Diecidit
1116 3330 1190 3380 Rom.

84 3393 193 3442 Danai
206 3393 278 3443 Laid.
312 3394 416 3443 Discidit
425 3397 489 3444 Exc.
502 3397 641 3445 Burmann.
657 3411 713 3445 arca
724 3396 796 3445 Leid.
808 3412 824 3445 a
835 3411 868 3445 m.
879 3409 940 3456 aec,
950 3395 995 3445 aed
1006 3394 1058 3442 vid.
1070 3393 1191 3443 Cerdam.

83 3455 175 3518 τεύχεα
193 3458 366 3521 βεβροτωμένα.
389 3460 480 3508 cerebra
501 3460 575 3509 codd.
593 3460 641 3509 Ge.
658 3460 779 3523 Fabricii,
790 3467 817 3510 ct
834 3460 931 3525 aliquot
949 3459 1040 3508 Heius.
1052 3466 1080 3506 et
1093 3459 1191 3521 Bam,

84 3522 163 3586 idque
176 3524 276 3586 recepit
288 3524 456 3587 Cuninglram.
468 3522 536 3573 cous.
549 3540 605 3587 sup.
622 3538 649 3585 v,
658 3528 715 3574 tra.
727 3538 767 3586 rx,
783 3528 809 3586 9,
828 3528 976 3575 iot-³10.
993 3525 1124 3571 comittitur
1140 3521 1192 3570 duo

85 3585 214 3636 Rottend.
247 3593 346 3637 mortem
356 3589 467 3637 Dorvili.
480 3595 507 3637 et
519 3589 598 3638 Goth.
615 3594 676 3638 tert.
689 3603 747 3637 cum
763 3589 819 3638 aliis
836 3604 849 3638 a
871 3588 904 3637 ud
915 3587 1076 3636 Pica—³11.
1092 3587 1192 3635 inertem

85 3649 222 3712 Medic.(a
240 3667 273 3700 m.
293 3656 354 3715 pr),
373 3659 499 3717 perpetua
510 3653 736 3702 varietate-³13.
753 3668 824 3716 quam
843 3604 929 3714 Pom„
948 3652 1044 3715 aliquot
1062 3664 1103 3711 ap.
1121 3649 1192 3697 Pier.

85 3730 145 3763 cura
157 3716 198 3764 ed.
209 3732 247 3778 pr.
259 3718 347 3766 Burro.
364 3718 429 3765 ven.
456 3732 562 3779 qaenam
579 3717 668 3780 Sprot.
694 3733 747 3780 qm
756 3719 803 3765 ieta
813 3719 879 3766 alter
891 3715 986 3764 Hamb.
1003 3728 1083 3761 recena
1093 3713 1191 3774 aliquot

86 3780 159 3829 Pier.
170 3781 256 3844 Sprot.
273 3789 301 3830 et
321 3796 359 3844 pr.
379 3781 522 3845 neuburg.
541 3796 599 3831 cum
612 3780 691 3830 Goth.
704 3795 757 3831 aec.
790 3781 852 3844 repit
867 3781 923 3829 diac.
943 3793 1042 3840 surgere
1059 3775 1191 3826 Zoticu-

587 3911 693 3962 NOTAE

118 4017 168 4063 m
180 4015 277 4063 Nudata
286 4015 372 4079 capite,
380 4016 433 4080 ira]
446 4016 521 4077 tum,
529 4021 559 4064 ut
570 4018 619 4065 bac
660 4014 825 4080 signiticaret.
847 4014 890 4063 Sic
902 4013 987 4065 Julius
1000 4012 1088 4062 Caeaar
1098 4012 1125 4060 in
1136 4011 1192 4065 acie

85 4093 131 4156 pia
149 4091 306 4142 confidentia
326 4092 451 4142 ferociam
470 4093 620 4142 Latinorum
663 4092 812 4142 Pharsalica
830 4089 898 4139 nuda
914 4103 990 4138 manu
1001 4094 1029 4138 et
1039 4088 1126 4151 capite
1141 4089 1192 4138 cair

87 4166 231 4227 emolliret3
257 4181 333 4231 quam
353 4173 382 4216 ut
400 4175 585 4232 egoacceretur
606 4180 623 4216 a
662 4166 831 4216 inclamabat:
866 4165 966 4215 Parcite
993 4165 1095 4215 ciuilem
1123 4163 1192 4229 apud

88 4242 151 4305 iau,
159 4243 246 4310 eisque
257 4245 415 4306 voluntatem
426 4259 498 4297 raam
509 4244 622 4310 aparuar
662 4244 829 4300 Plutarchum
840 4250 868 4294 at
877 4242 1034 4310 Appianum.
