2730 4686
172 325 259 391 1554
494 338 527 385 r.
550 335 714 384 vrncrmr
739 331 909 383 metrorus

174 485 262 566 Quae
278 486 331 550 bis
346 486 381 549 in
395 489 535 548 octones
550 480 697 545 excurrit
710 479 854 563 pondere
866 477 979 541 libras.

172 587 255 652 Indo
270 589 350 664 abit,
366 585 555 667 ussistitqne
568 583 688 660 molae3
711 599 879 663 parvaque
892 578 1027 655 tubello,

173 689 285 768 Quam
300 687 402 750 lixam
416 687 527 768 paries
542 685 616 747 illos
631 684 783 746 servabat
796 683 830 745 in
844 701 935 757 usus,

172 790 313 855 Lumina
327 789 395 852 fida
406 790 516 868 locat;
538 788 686 868 geminos
703 790 781 848 tunc
796 791 888 847 veste
901 784 1045 848 lacertos

173 892 321 969 Liberat,
336 898 379 968 et,
396 890 525 954 cinctus
538 887 666 951 villosae
682 892 808 967 tergore
823 904 945 966 caprae,

172 992 352 1058 Praeverrit
367 989 475 1054 cauda
489 989 601 1051 silices
616 987 838 1069 gremiumque
852 986 1023 1050 molarum.

75 1106 82 1121 '
174 1092 329 1159 Advocat
343 1092 419 1157 inde
433 1109 549 1156 monus
564 1090 670 1173 operi,
686 1090 827 1173 partitus
840 1090 1021 1170 utrimque:

173 1194 279 1260 Laevu
292 1193 485 1270 ministerio,
501 1192 619 1255 dextre
631 1196 684 1254 est
698 1190 824 1253 intenta
836 1189 963 1268 lubori3
1233 1186 1276 1251 25

639 1355 815 1375 ”onumen

171 1439 267 1491 Aldina
278 1440 387 1505 recepit.
420 1439 540 1490 Praelero
550 1448 645 1503 tumen,
656 1440 698 1489 vel
708 1439 840 1504 Scaligero
851 1438 942 1500 invito,
953 1444 1067 1488 veterem
1079 1436 1276 1502 doctioremque

171 1504 322 1569 lectionem:
339 1510 452 1568 quootm
473 1519 590 1567 mmm,
611 1519 665 1567 vas,
685 1504 793 1568 potebat,
814 1503 931 1567 adeoque
954 1501 1081 1566 capiebat,
1102 1501 1200 1564 txdpn:
1219 1508 1277 1551 erut

171 1569 240 1619 enlm
252 1584 370 1619 mensuro
381 1582 432 1618 xvr
444 1569 573 1618 librorum.
607 1567 722 1618 Praelert
740 1569 789 1618 hoc
806 1568 897 1617 Barth.
915 1581 1016 1631 quoqne
1034 1564 1143 1615 Advers.
1156 1579 1243 1629 xxxv,
1260 1571 1276 1614 8

171 1640 200 1683 et
211 1633 314 1695 Helue,
326 1634 370 1698 qui
381 1634 486 1697 ableget
498 1634 530 1682 nd
541 1634 758 1685 Lucanum—18.
775 1638 869 1682 octoom
886 1639 951 1680 vett.
967 1631 1035 1690 edd,
1055 1645 1088 1679 ex
1098 1630 1162 1679 vitio
1173 1636 1276 1692 muner,

172 1704 201 1748 ot
210 1700 322 1748 occurrit.
356 1698 439 1747 Porro
449 1698 565 1760 Scaliger
576 1698 602 1746 in
614 1712 664 1745 uno
675 1697 742 1747 libro
754 1696 887 1746 invenerat
899 1713 905 1745 ε
935 1696 996 1751 Quoe
1006 1694 1086 1759 bifido,
1102 1694 1170 1743 unde
1182 1696 1226 1744 ille
1238 1710 1276 1744 re-

171 1760 207 1812 fin
226 1764 304 1813 ebat:
323 1763 383 1818 Quoe
399 1762 469 1827 bifido
486 1762 575 1810 octonis
590 1762 697 1811 επενπίέ
713 1763 814 1824 pondere
830 1761 905 1810 libris.
938 1760 1048 1809 Poterat
1066 1767 1151 1807 tamen
1169 1759 1223 1808 sine
1240 1760 1277 1808 nl·

172 1777 270 1877 terlore
281 1828 423 1877 mutatione
435 1833 554 1876 constare
566 1840 672 1875 versuo:
692 1825 751 1880 Qua
767 1825 838 1891 bifido
849 1830 941 1874 odom
957 1824 1065 1872 excurrit
1083 1824 1186 1887 poodm
1196 1822 1277 1887 libror,

171 1890 199 1941 b.
210 1892 323 1941 excedit.
356 1891 407 1941 Sed
424 1890 563 1941 ludibrium
579 1890 733 1953 corruptele
750 1890 798 1938 boc
810 1890 881 1955 bifido
893 1903 949 1938 esse
961 1888 1157 1937 arbitron-21.
1175 1887 1277 1937 lutrdnu

166 1954 230 2021 fiel«
241 1956 342 2021 velfldo
356 1956 406 2006 lllr.
419 1956 591 2005 Κακὴ-ἥ.
608 1954 697 2003 uilloooe
712 1956 816 2016 tegmine
826 1968 903 2017 coproe
915 1961 979 2002 vett.
991 1952 1050 2001 edd.
1062 1960 1102 2000 est
1114 1951 1208 2001 lectio:
1227 1966 1276 2002 neo

173 2019 257 2070 mulo:
276 2021 324 2069 nisi
335 2020 478 2068 doctiorem
491 2019 648 2083 prodidisset
660 2017 766 2067 Aldina:
783 2023 886 2079 tergore,
904 2032 980 2082 quern
996 2015 1111 2080 Scaliger
1131 2030 1233 2080 quoque
1250 2016 1276 2065 in

172 2083 224 2134 ocri
245 2084 277 2132 tir
288 2085 396 2133 invonit.
429 2082 525 2145 Agitur
535 2089 621 2131 autem
638 2081 671 2129 de
690 2082 802 2131 rhenone
814 2096 847 2130 ex
863 2082 931 2144 pelle
946 2081 1136 2145 caprino—28.
1154 2079 1276 2129 Perorrtr't

172 2152 201 2195 et
235 2148 336 2195 merrtt
349 2153 412 2195 vett.
424 2145 483 2194 edd.
519 2144 637 2193 Alterum
648 2145 780 2193 Proeoerrtt
793 2144 887 2193 Aldina
898 2145 979 2194 dedit.
1011 2144 1208 2193 'l'urnPereertit
1223 2159 1277 2193 onu-

170 2210 245 2272 doque
255 2225 336 2257 comem
344 2209 504 2270 gremiumque
517 2223 547 2255 m.
582 2206 699 2256 Noriurb.
710 2208 826 2271 Koberg.
844 2216 872 2257 et
881 2207 987 2258 Arcens.
1000 2224 1059 2258 cum
1070 2209 1143 2260 Junt.
1159 2208 1276 2284 aliisque,

171 2278 205 2321 'ex
215 2271 442 2335 interpretatione,
459 2272 586 2334 suspicor,
602 2270 628 2318 in
640 2270 754 2334 margine
765 2271 891 2335 opponite.
924 2274 1009 2335 siliceo
1025 2274 1134 2322 molares
1151 2272 1275 2337 intellige,

170 2350 231 2385 nom
247 2336 297 2384 duo
311 2345 370 2384 rrrnt
381 2335 482 2398 lapides
499 2334 548 2383 ribi
565 2335 600 2383 im
620 2333 686 2383 ositi.
748 2336 835 2385 emtum
851 2337 966 2385 rnolontm
985 2352 1032 2400 pro
1053 2338 1175 2386 interiore
1191 2345 1275 2401 perte.

171 2399 318 2450 Insolenter
336 2400 433 2449 dictum
447 2398 571 2447 censebat
616 2398 679 2448 einr.
698 2414 714 2448 n
742 2398 820 2449 Ovid.
833 2413 867 2449 111
879 2399 938 2449 Am.
952 2407 991 2463 1³,
1012 2406 1053 2463 nt,
1072 2410 1100 2450 et
1119 2400 1276 2450 emendrbet

169 2464 305 2528 gratoque
313 2465 418 2513 moleret.
452 2463 490 2512 Ut
500 2463 534 2512 rit
543 2464 644 2526 gremio,
662 2477 748 2524 capric
758 2469 869 2527 tergore,
886 2480 938 2533 quo
947 2466 1049 2515 cinctus
1058 2472 1123 2516 erut.
1157 2465 1200 2515 Sic
1214 2471 1277 2528 togae

169 2528 289 2591 nmium
299 2529 403 2577 Florum
415 2527 517 2577 dixisse.
552 2528 611 2577 Non
631 2528 713 2592 magis
730 2528 779 2578 hoc
797 2529 893 2590 placet
926 2530 1005 2579 Forte
1022 2529 1089 2579 fuit:
1113 2530 1277 2593 geminumque

170 2594 290 2642 meur.
303 2608 328 2641 v.
341 2594 478 2643 Not-nt.
495 2593 602 2641 Adoocat
614 2591 753 2668 iodeoperi.
788 2593 876 2642 Dubia
895 2593 1032 2658 scripturo.
1066 2594 1109 2643 Sic
1126 2596 1194 2643 enim
1211 2599 1277 2643 vett.

171 2656 233 2707 edd.
251 2662 278 2705 et
297 2656 388 2720 scripti
404 2656 548 2718 Scaligeri:
574 2665 602 2704 et
615 2655 696 2705 videri
714 2664 803 2718 potest
814 2657 926 2721 doctinr,
943 2673 1021 2723 qnam
1037 2660 1105 2723 qnod
1124 2658 1220 2708 Aldine
1239 2658 1277 2706 iu·

171 2720 259 2771 vexit:
277 2722 392 2770 Admouet
409 2721 464 2769 inde
482 2721 555 2783 operi.
590 2721 648 2769 Hoc
662 2730 747 2769 tamen
764 2722 916 2771 vocabulum
936 2724 973 2771 rei
991 2723 1133 2787 proprium,
1152 2729 1179 2772 et
1198 2720 1276 2772 facile

172 2783 278 2835 deflecti
290 2785 375 2848 potuit
391 2785 416 2833 in
435 2786 553 2834 alterum.
587 2783 619 2831 ln
631 2783 682 2833 line
695 2800 782 2834 vernus
794 2787 871 2850 vulgo
882 2787 993 2851 legitur:
1020 2788 1276 2851 pertituomromque:

172 2849 243 2913 qnod
254 2849 333 2898 latine
344 2850 387 2897 vix
399 2849 450 2896 dici
464 2864 537 2911 posse
548 2848 665 2909 Scaliger
676 2864 778 2913 quoque
789 2851 890 2900 notavit
901 2866 907 2898 :
927 2851 1018 2913 purtim
1034 2856 1156 2913 utrumque
1171 2866 1275 2900 mum.

172 2912 230 2964 Neo
247 2913 360 2962 suaviter
378 2919 442 2978 puto
462 2912 561 2963 dictum
578 2927 634 2961 esee
645 2912 760 2962 Admovet
775 2916 840 2977 operi
857 2929 948 2978 murro,
962 2916 1079 2979 portitor,
1093 2921 1225 2979 utrumque,
1246 2922 1276 2964 ut

673 3025 778 3076 ΝΟΤΙΕ

205 3128 237 3174 18
254 3137 301 3172 xvr
314 3124 391 3174 librar
405 3124 490 3188 pondo
502 3121 624 3172 frumenti
637 3136 705 3170 rnen·
745 3124 888 3174 truratilem
900 3140 944 3174 reu
954 3125 1111 3188 versatilem,
1132 3124 1197 3174 binio
1208 3124 1276 3174 rexit

171 3212 232 3247 rure
242 3199 330 3261 capit:
358 3214 419 3261 ergo
437 3199 463 3247 in
481 3204 631 3262 sequentem
644 3212 704 3261 qno·
744 3199 844 3262 coperit
855 3201 903 3249 ribi
913 3202 950 3251 itn
962 3201 1098 3265 impositis,
1114 3210 1144 3251 ut
1155 3200 1277 3252 inferiore

171 3286 308 3337 qnennum
319 3280 347 3321 et
358 3273 466 3320 alterum
483 3272 553 3320 diem
570 3271 632 3320 lumi
646 3286 703 3334 pro·
744 3285 864 3326 manente
884 3277 1008 3326 immobili
1025 3279 1152 3342 superius,
1170 3278 1275 3343 quodr.

169 3346 257 3411 opicit.
300 3348 367 3396 Nam
395 3345 546 3395 dementum
574 3346 703 3409 diurnum,
743 3355 776 3399 κ
797 3350 874 3400 orbem
892 3353 1016 3417 appellat,
1037 3354 1220 3405 circumactum
1239 3363 1277 3405 tt·

171 3423 329 3489 qnodrervie
342 3423 427 3471 Romae
439 3422 613 3485 praebebatur,
625 3423 702 3472 trium
745 3427 810 3478 tritu
829 3444 909 3494 grone
929 3429 1069 3495 frangeret.
1108 3432 1277 3482 Succerserat

171 3494 228 3548 lere
246 3498 368 3547 librorum
390 3504 456 3561 eret,
478 3506 508 3547 ut
519 3497 619 3561 Opuec.
636 3499 668 3547 Τ.
686 3513 705 3559 1,
744 3517 776 3553 en
798 3506 873 3556 molae
894 3508 1022 3571 prirtinae,
1046 3522 1102 3570 qnae
1125 3508 1276 3557 mortarium

171 3589 200 3639 p.
210 3578 258 3625 2⁶1
270 3590 302 3623 ex
315 3574 414 3623 Cntoue
426 3574 459 3622 do
475 3576 505 3624 R.
523 3576 553 3624 R.
566 3579 598 3623 5d
609 3574 703 3627 docui:
744 3586 811 3642 erat,
843 3582 869 3630 in
890 3598 940 3646 quo
965 3582 1061 3644 pistillo
1089 3581 1277 3645 frangebantur

170 3649 321 3702 etoiudboc
334 3648 704 3701 exectumluirredemennum
745 3670 833 3719 granu.
866 3657 1022 3706 nunirteriuor
1049 3658 1114 3706 leon
1136 3658 1162 3706 in
1184 3672 1277 3720 conge·

170 3727 256 3779 rotoni
273 3742 379 3776 necesse
395 3735 504 3778 nonest.
539 3728 592 3777 Sibi
609 3735 636 3776 ot
654 3742 705 3776 ser·
744 3730 831 3779 rendit
848 3738 876 3781 et
896 3730 1059 3780 infundendis
1081 3734 1165 3794 gronio
1184 3733 1277 3783 comio·

169 3803 239 3852 vulne
262 3804 368 3865 cybarae
392 3804 465 3852 simul
488 3805 586 3854 victum
612 3819 703 3868 perere
745 3812 800 3855 tere
809 3807 919 3856 videtur.
947 3808 1277 3871 'l'umlbnoucemmpldo

170 3878 301 3943 pnttudns
313 3890 350 3925 est
362 3879 482 3926 Simulus.
742 3880 836 3929 olllmm
850 3884 954 3931 demrrit
971 3881 1000 3929 ab
1017 3882 1075 3945 ictu,
1095 3898 1120 3931 v.
1139 3886 1180 3945 27,
1197 3897 1278 3946 grene

175 3946 178 3953 ’
203 3955 235 4002 2³
255 3954 345 4014 Cuncta,
356 3955 485 4016 peniculo,
496 3970 546 4019 quo
558 3955 590 4003 cd
603 3970 704 4007 verren·
745 3962 821 4005 tumn
837 3958 953 4023 adeoque
965 3956 1073 4007 lerinam
1088 3959 1113 4007 in
1130 3959 1277 4023 subjectum

171 4027 219 4079 dn
227 4042 328 4077 mensur
340 4039 367 4078 et
380 4031 429 4079 alia
441 4033 580 4079 urebantur
592 4040 702 4081 veteres.
743 4045 797 4093 vm,
813 4034 883 4096 quod
895 4049 952 4084 eom
963 4034 1071 4104 excipit,
1087 4035 1210 4091 derideto
1227 4036 1276 4102 oig·

170 4103 270 4157 nocuit
288 4106 320 4154 nd
338 4109 364 4154 lr.
376 4108 392 4155 l.
411 4108 537 4171 Scaliger.
570 4108 703 4158 Describit
743 4105 840 4158 nificat.

171 4180 258 4237 ulem
271 4180 332 4230 binc
343 4181 422 4247 poeta
432 4184 526 4232 molum
538 4184 703 4249 manduriam,
