<?xml version="1.0" encoding="UTF-8"?>
<!DOCTYPE html PUBLIC "-//W3C//DTD XHTML 1.0 Transitional//EN"
    "http://www.w3.org/TR/xhtml1/DTD/xhtml1-transitional.dtd">
<html xmlns="http://www.w3.org/1999/xhtml" xml:lang="en" lang="en">
 <head>
  <title>
</title>
<meta http-equiv="Content-Type" content="text/html;charset=utf-8" />
  <meta name='ocr-system' content='tesseract 3.04.00' />
  <meta name='ocr-capabilities' content='ocr_page ocr_carea ocr_par ocr_line ocrx_word'/>
</head>
<body>
  <div class='ocr_page' id='page_1' title='image "./pvirgiliimaroni07virggoog/pvirgiliimaroni07virggoog_0135.png"; bbox 0 0 2730 4686; ppageno 0'>
   <div class='ocr_carea' id='block_1_1' title="bbox 182 297 937 364">
    <p class='ocr_par' dir='ltr' id='par_1_1' title="bbox 182 297 937 364">
     <span class='ocr_line' id='line_1_1' title="bbox 182 297 937 364; baseline -0.019 -2"><span class='ocrx_word' id='word_1_1' title='bbox 182 297 267 364; x_wconf 89' lang='grc'><strong>1344</strong></span> <span class='ocrx_word' id='word_1_2' title='bbox 456 315 459 320; x_wconf 94' lang='grc'><em>·</em></span> <span class='ocrx_word' id='word_1_3' title='bbox 523 311 555 357; x_wconf 80' lang='lat' dir='ltr'><strong>e.</strong></span> <span class='ocrx_word' id='word_1_4' title='bbox 581 304 743 355; x_wconf 77' lang='lat' dir='ltr'><strong>vrecruu</strong></span> <span class='ocrx_word' id='word_1_5' title='bbox 768 301 937 351; x_wconf 74' lang='lat' dir='ltr'><strong>usuours</strong></span> 
     </span>
    </p>
   </div>
   <div class='ocr_carea' id='block_1_2' title="bbox 153 443 1296 1743">
    <p class='ocr_par' dir='ltr' id='par_1_2' title="bbox 183 443 1079 542">
     <span class='ocr_line' id='line_1_2' title="bbox 183 443 1079 542; baseline -0.018 -19"><span class='ocrx_word' id='word_1_6' title='bbox 183 455 294 542; x_wconf 86' lang='lat' dir='ltr'><strong>Major</strong></span> <span class='ocrx_word' id='word_1_7' title='bbox 308 456 376 537; x_wconf 85' lang='lat' dir='ltr'><strong>agit</strong></span> <span class='ocrx_word' id='word_1_8' title='bbox 391 455 495 531; x_wconf 87' lang='lat' dir='ltr'><strong>Deus,</strong></span> <span class='ocrx_word' id='word_1_9' title='bbox 511 458 611 534; x_wconf 85' lang='lat' dir='ltr'><strong>etque</strong></span> <span class='ocrx_word' id='word_1_10' title='bbox 626 469 727 532; x_wconf 85' lang='lat' dir='ltr'><strong>opera</strong></span> <span class='ocrx_word' id='word_1_11' title='bbox 740 448 782 513; x_wconf 88' lang='lat' dir='ltr'><strong>ad</strong></span> <span class='ocrx_word' id='word_1_12' title='bbox 795 447 923 531; x_wconf 85' lang='lat' dir='ltr'><strong>majora</strong></span> <span class='ocrx_word' id='word_1_13' title='bbox 938 443 1079 510; x_wconf 74' lang='lat' dir='ltr'><strong>remittit.</strong></span> 
     </span>
    </p>

    <p class='ocr_par' dir='ltr' id='par_1_3' title="bbox 182 544 1282 639">
     <span class='ocr_line' id='line_1_3' title="bbox 182 544 1282 639; baseline -0.016 -15"><span class='ocrx_word' id='word_1_14' title='bbox 182 559 244 624; x_wconf 92' lang='lat' dir='ltr'><strong>Ille</strong></span> <span class='ocrx_word' id='word_1_15' title='bbox 259 559 376 622; x_wconf 83' lang='lat' dir='ltr'><strong>avidus</strong></span> <span class='ocrx_word' id='word_1_16' title='bbox 391 576 510 639; x_wconf 83' lang='lat' dir='ltr'><strong>pugnae</strong></span> <span class='ocrx_word' id='word_1_17' title='bbox 526 573 622 617; x_wconf 87' lang='lat' dir='ltr'><strong>suras</strong></span> <span class='ocrx_word' id='word_1_18' title='bbox 636 554 811 617; x_wconf 72' lang='lat' dir='ltr'>incluserat</span> <span class='ocrx_word' id='word_1_19' title='bbox 825 568 905 613; x_wconf 90' lang='lat' dir='ltr'><strong>auro</strong></span> <span class='ocrx_word' id='word_1_20' title='bbox 1216 544 1282 607; x_wconf 80' lang='grc'><strong>4311</strong></span> 
     </span>
    </p>

    <p class='ocr_par' dir='ltr' id='par_1_4' title="bbox 153 649 1165 740">
     <span class='ocr_line' id='line_1_4' title="bbox 153 649 1165 740; baseline -0.014 -17"><span class='ocrx_word' id='word_1_21' title='bbox 153 700 156 704; x_wconf 94' lang='grc'>-</span> <span class='ocrx_word' id='word_1_22' title='bbox 182 659 274 722; x_wconf 91' lang='lat' dir='ltr'><strong>Hinc</strong></span> <span class='ocrx_word' id='word_1_23' title='bbox 290 665 388 740; x_wconf 86' lang='lat' dir='ltr'><strong>atque</strong></span> <span class='ocrx_word' id='word_1_24' title='bbox 401 657 488 733; x_wconf 90' lang='lat' dir='ltr'><strong>hino,</strong></span> <span class='ocrx_word' id='word_1_25' title='bbox 503 656 638 736; x_wconf 91' lang='lat' dir='ltr'><strong>oditque</strong></span> <span class='ocrx_word' id='word_1_26' title='bbox 651 671 775 728; x_wconf 89' lang='lat' dir='ltr'><strong>moras,</strong></span> <span class='ocrx_word' id='word_1_27' title='bbox 789 653 985 732; x_wconf 85' lang='lat' dir='ltr'><strong>hastamque</strong></span> <span class='ocrx_word' id='word_1_28' title='bbox 1000 649 1165 711; x_wconf 80' lang='lat' dir='ltr'><strong>comscet.</strong></span> 
     </span>
    </p>

    <p class='ocr_par' dir='ltr' id='par_1_5' title="bbox 184 752 1127 841">
     <span class='ocr_line' id='line_1_5' title="bbox 184 752 1127 841; baseline -0.014 -18"><span class='ocrx_word' id='word_1_29' title='bbox 184 758 367 841; x_wconf 87' lang='lat' dir='ltr'><strong>Postquam</strong></span> <span class='ocrx_word' id='word_1_30' title='bbox 381 757 499 820; x_wconf 84' lang='lat' dir='ltr'><strong>habilis</strong></span> <span class='ocrx_word' id='word_1_31' title='bbox 512 757 606 820; x_wconf 87' lang='lat' dir='ltr'><strong>lateri</strong></span> <span class='ocrx_word' id='word_1_32' title='bbox 620 756 758 837; x_wconf 84' lang='lat' dir='ltr'><strong>clypeus</strong></span> <span class='ocrx_word' id='word_1_33' title='bbox 772 753 941 832; x_wconf 89' lang='lat' dir='ltr'><strong>loricaque</strong></span> <span class='ocrx_word' id='word_1_34' title='bbox 956 757 1048 830; x_wconf 86' lang='lat' dir='ltr'><strong>tergo</strong></span> <span class='ocrx_word' id='word_1_35' title='bbox 1061 752 1127 828; x_wconf 82' lang='lat' dir='ltr'><strong>cst3</strong></span> 
     </span>
    </p>

    <p class='ocr_par' dir='ltr' id='par_1_6' title="bbox 182 852 964 936">
     <span class='ocr_line' id='line_1_6' title="bbox 182 852 964 936; baseline -0.013 -13"><span class='ocrx_word' id='word_1_36' title='bbox 182 857 365 923; x_wconf 84' lang='lat' dir='ltr'><strong>Ascanium</strong></span> <span class='ocrx_word' id='word_1_37' title='bbox 376 858 459 920; x_wconf 87' lang='lat' dir='ltr'><strong>fusis</strong></span> <span class='ocrx_word' id='word_1_38' title='bbox 473 857 598 919; x_wconf 90' lang='lat' dir='ltr'><strong>circum</strong></span> <span class='ocrx_word' id='word_1_39' title='bbox 614 855 840 936; x_wconf 78' lang='lat' dir='ltr'>complectitur</span> <span class='ocrx_word' id='word_1_40' title='bbox 855 852 964 928; x_wconf 74' lang='lat' dir='ltr'><strong>arusie,</strong></span> 
     </span>
    </p>

    <p class='ocr_par' dir='ltr' id='par_1_7' title="bbox 184 951 1008 1039">
     <span class='ocr_line' id='line_1_7' title="bbox 184 951 1008 1039; baseline -0.011 -16"><span class='ocrx_word' id='word_1_41' title='bbox 184 959 383 1039; x_wconf 83' lang='lat' dir='ltr'><strong>Summaque</strong></span> <span class='ocrx_word' id='word_1_42' title='bbox 395 977 455 1039; x_wconf 88' lang='lat' dir='ltr'><strong>per</strong></span> <span class='ocrx_word' id='word_1_43' title='bbox 469 957 596 1039; x_wconf 81' lang='lat' dir='ltr'><strong>galeam</strong></span> <span class='ocrx_word' id='word_1_44' title='bbox 610 955 760 1017; x_wconf 77' lang='lat' dir='ltr'><strong>delibans</strong></span> <span class='ocrx_word' id='word_1_45' title='bbox 774 952 891 1015; x_wconf 92' lang='lat' dir='ltr'><strong>oscula</strong></span> <span class='ocrx_word' id='word_1_46' title='bbox 905 951 1008 1015; x_wconf 81' lang='lat' dir='ltr'><strong>fourr:</strong></span> 
     </span>
    </p>

    <p class='ocr_par' dir='ltr' id='par_1_8' title="bbox 184 1048 1296 1140">
     <span class='ocr_line' id='line_1_8' title="bbox 184 1048 1296 1140; baseline -0.01 -18"><span class='ocrx_word' id='word_1_47' title='bbox 184 1058 299 1134; x_wconf 84' lang='lat' dir='ltr'>Disce,</span> <span class='ocrx_word' id='word_1_48' title='bbox 315 1078 408 1140; x_wconf 87' lang='lat' dir='ltr'><strong>puer,</strong></span> <span class='ocrx_word' id='word_1_49' title='bbox 423 1058 575 1122; x_wconf 87' lang='lat' dir='ltr'><strong>virtutem</strong></span> <span class='ocrx_word' id='word_1_50' title='bbox 590 1075 634 1119; x_wconf 85' lang='lat' dir='ltr'><strong>ex</strong></span> <span class='ocrx_word' id='word_1_51' title='bbox 648 1074 711 1131; x_wconf 89' lang='lat' dir='ltr'><strong>me,</strong></span> <span class='ocrx_word' id='word_1_52' title='bbox 727 1074 904 1136; x_wconf 88' lang='lat' dir='ltr'><strong>verumque</strong></span> <span class='ocrx_word' id='word_1_53' title='bbox 918 1053 1079 1132; x_wconf 82' lang='lat' dir='ltr'><strong>laborem3</strong></span> <span class='ocrx_word' id='word_1_54' title='bbox 1217 1048 1296 1112; x_wconf 80' lang='grc'><strong>435-</strong></span> 
     </span>
    </p>

    <p class='ocr_par' dir='ltr' id='par_1_9' title="bbox 185 1153 1057 1223">
     <span class='ocr_line' id='line_1_9' title="bbox 185 1153 1057 1223; baseline -0.008 0"><span class='ocrx_word' id='word_1_55' title='bbox 185 1159 363 1223; x_wconf 86' lang='lat' dir='ltr'><strong>Fortunam</strong></span> <span class='ocrx_word' id='word_1_56' title='bbox 375 1179 417 1222; x_wconf 86' lang='lat' dir='ltr'><strong>ex</strong></span> <span class='ocrx_word' id='word_1_57' title='bbox 434 1159 519 1222; x_wconf 87' lang='lat' dir='ltr'><strong>aliis.</strong></span> <span class='ocrx_word' id='word_1_58' title='bbox 566 1157 665 1221; x_wconf 89' lang='lat' dir='ltr'><strong>Nunc</strong></span> <span class='ocrx_word' id='word_1_59' title='bbox 681 1164 713 1221; x_wconf 87' lang='lat' dir='ltr'><strong>to</strong></span> <span class='ocrx_word' id='word_1_60' title='bbox 728 1176 804 1220; x_wconf 89' lang='lat' dir='ltr'><strong>mea</strong></span> <span class='ocrx_word' id='word_1_61' title='bbox 818 1156 956 1219; x_wconf 84' lang='lat' dir='ltr'><strong>dextera</strong></span> <span class='ocrx_word' id='word_1_62' title='bbox 970 1153 1057 1217; x_wconf 88' lang='lat' dir='ltr'><strong>bello</strong></span> 
     </span>
    </p>

    <p class='ocr_par' dir='ltr' id='par_1_10' title="bbox 184 1255 1030 1341">
     <span class='ocr_line' id='line_1_10' title="bbox 184 1255 1030 1341; baseline -0.007 -17"><span class='ocrx_word' id='word_1_63' title='bbox 184 1260 367 1324; x_wconf 88' lang='lat' dir='ltr'><strong>Defensum</strong></span> <span class='ocrx_word' id='word_1_64' title='bbox 381 1259 485 1335; x_wconf 86' lang='lat' dir='ltr'><strong>dabit,</strong></span> <span class='ocrx_word' id='word_1_65' title='bbox 500 1264 533 1322; x_wconf 88' lang='lat' dir='ltr'><strong>et</strong></span> <span class='ocrx_word' id='word_1_66' title='bbox 545 1278 663 1341; x_wconf 81' lang='lat' dir='ltr'><strong>magna</strong></span> <span class='ocrx_word' id='word_1_67' title='bbox 677 1260 759 1321; x_wconf 88' lang='lat' dir='ltr'><strong>inter</strong></span> <span class='ocrx_word' id='word_1_68' title='bbox 771 1258 909 1339; x_wconf 82' lang='lat' dir='ltr'><strong>praemia</strong></span> <span class='ocrx_word' id='word_1_69' title='bbox 923 1255 1030 1319; x_wconf 91' lang='lat' dir='ltr'><strong>ducet.</strong></span> 
     </span>
    </p>

    <p class='ocr_par' dir='ltr' id='par_1_11' title="bbox 182 1358 994 1435">
     <span class='ocr_line' id='line_1_11' title="bbox 182 1358 994 1435; baseline -0.004 -12"><span class='ocrx_word' id='word_1_70' title='bbox 182 1358 236 1423; x_wconf 88' lang='lat' dir='ltr'><strong>Tu</strong></span> <span class='ocrx_word' id='word_1_71' title='bbox 250 1359 361 1435; x_wconf 89' lang='lat' dir='ltr'><strong>saoito,</strong></span> <span class='ocrx_word' id='word_1_72' title='bbox 377 1379 458 1422; x_wconf 84' lang='lat' dir='ltr'><strong>mox</strong></span> <span class='ocrx_word' id='word_1_73' title='bbox 473 1379 549 1422; x_wconf 91' lang='lat' dir='ltr'><strong>cum</strong></span> <span class='ocrx_word' id='word_1_74' title='bbox 564 1365 692 1422; x_wconf 79' lang='lat' dir='ltr'><strong>mamre</strong></span> <span class='ocrx_word' id='word_1_75' title='bbox 707 1358 888 1422; x_wconf 81' lang='lat' dir='ltr'><strong>adoleverit</strong></span> <span class='ocrx_word' id='word_1_76' title='bbox 901 1363 994 1434; x_wconf 79' lang='lat' dir='ltr'><strong>aetas,</strong></span> 
     </span>
    </p>

    <p class='ocr_par' dir='ltr' id='par_1_12' title="bbox 185 1459 1154 1543">
     <span class='ocr_line' id='line_1_12' title="bbox 185 1459 1154 1543; baseline -0.003 -19"><span class='ocrx_word' id='word_1_77' title='bbox 185 1460 240 1524; x_wconf 78' lang='lat' dir='ltr'><strong>sis</strong></span> <span class='ocrx_word' id='word_1_78' title='bbox 255 1479 388 1536; x_wconf 85' lang='lat' dir='ltr'><strong>memor,</strong></span> <span class='ocrx_word' id='word_1_79' title='bbox 402 1465 436 1522; x_wconf 89' lang='lat' dir='ltr'><strong>et</strong></span> <span class='ocrx_word' id='word_1_80' title='bbox 450 1465 494 1535; x_wconf 90' lang='lat' dir='ltr'><strong>te,</strong></span> <span class='ocrx_word' id='word_1_81' title='bbox 510 1460 620 1522; x_wconf 87' lang='lat' dir='ltr'><strong>animo</strong></span> <span class='ocrx_word' id='word_1_82' title='bbox 635 1465 831 1543; x_wconf 79' lang='lat' dir='ltr'><strong>repetentem</strong></span> <span class='ocrx_word' id='word_1_83' title='bbox 845 1459 1001 1541; x_wconf 81' lang='lat' dir='ltr'><strong>exempla</strong></span> <span class='ocrx_word' id='word_1_84' title='bbox 1016 1463 1154 1533; x_wconf 86' lang='lat' dir='ltr'><strong>tuorum,</strong></span> 
     </span>
    </p>

    <p class='ocr_par' dir='ltr' id='par_1_13' title="bbox 184 1559 1285 1743">
     <span class='ocr_line' id='line_1_13' title="bbox 184 1559 1285 1643; baseline -0.002 -20"><span class='ocrx_word' id='word_1_85' title='bbox 184 1559 228 1624; x_wconf 85' lang='lat' dir='ltr'><strong>Et</strong></span> <span class='ocrx_word' id='word_1_86' title='bbox 241 1567 332 1643; x_wconf 86' lang='lat' dir='ltr'><strong>pater</strong></span> <span class='ocrx_word' id='word_1_87' title='bbox 346 1561 483 1634; x_wconf 81' lang='lat' dir='ltr'><strong>AEneas,</strong></span> <span class='ocrx_word' id='word_1_88' title='bbox 498 1564 532 1620; x_wconf 89' lang='lat' dir='ltr'><strong>et</strong></span> <span class='ocrx_word' id='word_1_89' title='bbox 546 1562 726 1623; x_wconf 85' lang='lat' dir='ltr'><strong>avrmculus</strong></span> <span class='ocrx_word' id='word_1_90' title='bbox 740 1563 864 1623; x_wconf 88' lang='lat' dir='ltr'><strong>excitet</strong></span> <span class='ocrx_word' id='word_1_91' title='bbox 878 1560 1015 1623; x_wconf 90' lang='lat' dir='ltr'><strong>Hector.</strong></span> <span class='ocrx_word' id='word_1_92' title='bbox 1129 1595 1132 1599; x_wconf 81' lang='lat'><strong>.</strong></span> <span class='ocrx_word' id='word_1_93' title='bbox 1217 1559 1285 1622; x_wconf 71' lang='lat'><strong>440</strong></span> 
     </span>
     <span class='ocr_line' id='line_1_14' title="bbox 229 1658 1086 1743; baseline -0.001 -20"><span class='ocrx_word' id='word_1_94' title='bbox 229 1662 317 1725; x_wconf 85' lang='lat' dir='ltr'><strong>Haec</strong></span> <span class='ocrx_word' id='word_1_95' title='bbox 332 1661 390 1723; x_wconf 91' lang='lat' dir='ltr'><strong>ubi</strong></span> <span class='ocrx_word' id='word_1_96' title='bbox 404 1661 494 1724; x_wconf 83' lang='lat' dir='ltr'><strong>dictu</strong></span> <span class='ocrx_word' id='word_1_97' title='bbox 509 1658 610 1737; x_wconf 90' lang='lat' dir='ltr'><strong>dedit,</strong></span> <span class='ocrx_word' id='word_1_98' title='bbox 626 1662 730 1743; x_wconf 89' lang='lat' dir='ltr'><strong>portis</strong></span> <span class='ocrx_word' id='word_1_99' title='bbox 745 1679 818 1722; x_wconf 87' lang='lat' dir='ltr'><strong>sese</strong></span> <span class='ocrx_word' id='word_1_100' title='bbox 831 1661 949 1721; x_wconf 81' lang='lat' dir='ltr'><strong>extulit</strong></span> <span class='ocrx_word' id='word_1_101' title='bbox 962 1662 1086 1740; x_wconf 79' lang='lat' dir='ltr'><strong>ingens,</strong></span> 
     </span>
    </p>
   </div>
   <div class='ocr_carea' id='block_1_3' title="bbox 183 1845 1286 2230">
    <p class='ocr_par' dir='ltr' id='par_1_14' title="bbox 183 1845 1286 2230">
     <span class='ocr_line' id='line_1_15' title="bbox 185 1845 1286 1912; baseline 0 -12"><span class='ocrx_word' id='word_1_102' title='bbox 185 1856 358 1910; x_wconf 72' lang='lat' dir='ltr'><strong>missumst,</strong></span> <span class='ocrx_word' id='word_1_103' title='bbox 369 1852 479 1899; x_wconf 82' lang='lat' dir='ltr'><strong>oAEuee.</strong></span> <span class='ocrx_word' id='word_1_104' title='bbox 514 1850 583 1898; x_wconf 88' lang='lat' dir='ltr'><strong>Deus</strong></span> <span class='ocrx_word' id='word_1_105' title='bbox 597 1849 715 1912; x_wconf 77' lang='lat' dir='ltr'><strong>potentior</strong></span> <span class='ocrx_word' id='word_1_106' title='bbox 726 1848 788 1909; x_wconf 79' lang='lat' dir='ltr'><strong>ogit,</strong></span> <span class='ocrx_word' id='word_1_107' title='bbox 798 1853 821 1897; x_wconf 85' lang='lat' dir='ltr'><strong>et</strong></span> <span class='ocrx_word' id='word_1_108' title='bbox 835 1848 912 1896; x_wconf 73' lang='lat' dir='ltr'><strong>muttit</strong></span> <span class='ocrx_word' id='word_1_109' title='bbox 923 1852 947 1896; x_wconf 90' lang='lat' dir='ltr'><strong>tc</strong></span> <span class='ocrx_word' id='word_1_110' title='bbox 957 1848 987 1895; x_wconf 87' lang='lat' dir='ltr'><strong>ud</strong></span> <span class='ocrx_word' id='word_1_111' title='bbox 998 1845 1098 1907; x_wconf 77' lang='lat' dir='ltr'><strong>maiores</strong></span> <span class='ocrx_word' id='word_1_112' title='bbox 1108 1847 1206 1898; x_wconf 74' lang='lat' dir='ltr'><strong>tutores.</strong></span> <span class='ocrx_word' id='word_1_113' title='bbox 1238 1848 1286 1900; x_wconf 76' lang='lat' dir='ltr'><strong>Ille</strong></span> 
     </span>
     <span class='ocr_line' id='line_1_16' title="bbox 184 1911 1286 1977; baseline -0.003 -12"><span class='ocrx_word' id='word_1_114' title='bbox 184 1913 277 1965; x_wconf 75' lang='lat' dir='ltr'><strong>AEnees</strong></span> <span class='ocrx_word' id='word_1_115' title='bbox 288 1916 384 1977; x_wconf 78' lang='lat' dir='ltr'><strong>cupidus</strong></span> <span class='ocrx_word' id='word_1_116' title='bbox 396 1914 529 1963; x_wconf 75' lang='lat' dir='ltr'><strong>certaminis</strong></span> <span class='ocrx_word' id='word_1_117' title='bbox 537 1915 592 1977; x_wconf 76' lang='lat' dir='ltr'><strong>jem</strong></span> <span class='ocrx_word' id='word_1_118' title='bbox 602 1914 712 1963; x_wconf 80' lang='lat' dir='ltr'><strong>restierut</strong></span> <span class='ocrx_word' id='word_1_119' title='bbox 722 1913 794 1961; x_wconf 80' lang='lat' dir='ltr'><strong>titius</strong></span> <span class='ocrx_word' id='word_1_120' title='bbox 804 1912 886 1961; x_wconf 85' lang='lat' dir='ltr'><strong>ocreis</strong></span> <span class='ocrx_word' id='word_1_121' title='bbox 895 1912 975 1961; x_wconf 78' lang='lat' dir='ltr'><strong>eureis</strong></span> <span class='ocrx_word' id='word_1_122' title='bbox 982 1911 1037 1960; x_wconf 77' lang='lat' dir='ltr'><strong>hinc</strong></span> <span class='ocrx_word' id='word_1_123' title='bbox 1046 1916 1069 1960; x_wconf 86' lang='lat' dir='ltr'><strong>et</strong></span> <span class='ocrx_word' id='word_1_124' title='bbox 1081 1913 1148 1960; x_wconf 82' lang='lat' dir='ltr'><strong>iude:</strong></span> <span class='ocrx_word' id='word_1_125' title='bbox 1159 1918 1183 1960; x_wconf 86' lang='lat' dir='ltr'><strong>et</strong></span> <span class='ocrx_word' id='word_1_126' title='bbox 1193 1924 1286 1962; x_wconf 72' lang='lat' dir='ltr'><strong>aemes·</strong></span> 
     </span>
     <span class='ocr_line' id='line_1_17' title="bbox 185 1975 1285 2042; baseline -0.003 -14"><span class='ocrx_word' id='word_1_127' title='bbox 185 1983 225 2028; x_wconf 78' lang='lat' dir='ltr'><strong>tre·</strong></span> <span class='ocrx_word' id='word_1_128' title='bbox 234 1994 318 2041; x_wconf 76' lang='lat' dir='ltr'><strong>mecm,</strong></span> <span class='ocrx_word' id='word_1_129' title='bbox 330 1984 353 2027; x_wconf 88' lang='lat' dir='ltr'><strong>ct</strong></span> <span class='ocrx_word' id='word_1_130' title='bbox 363 1984 456 2042; x_wconf 71' lang='lat' dir='ltr'><strong>quiesset</strong></span> <span class='ocrx_word' id='word_1_131' title='bbox 465 1980 564 2027; x_wconf 79' lang='lat' dir='ltr'><strong>testum.</strong></span> <span class='ocrx_word' id='word_1_132' title='bbox 588 1979 715 2041; x_wconf 70' lang='lat' dir='ltr'><strong>Postquam</strong></span> <span class='ocrx_word' id='word_1_133' title='bbox 725 1979 818 2040; x_wconf 77' lang='lat' dir='ltr'><strong>clypeus</strong></span> <span class='ocrx_word' id='word_1_134' title='bbox 828 1977 985 2025; x_wconf 82' lang='lat' dir='ltr'><strong>accommodus</strong></span> <span class='ocrx_word' id='word_1_135' title='bbox 996 1975 1075 2037; x_wconf 76' lang='lat' dir='ltr'><strong>tutori,</strong></span> <span class='ocrx_word' id='word_1_136' title='bbox 1086 1981 1110 2024; x_wconf 88' lang='lat' dir='ltr'><strong>et</strong></span> <span class='ocrx_word' id='word_1_137' title='bbox 1119 1975 1206 2025; x_wconf 77' lang='lat' dir='ltr'><strong>tiores</strong></span> <span class='ocrx_word' id='word_1_138' title='bbox 1216 1981 1285 2039; x_wconf 72' lang='lat' dir='ltr'><strong>tergo</strong></span> 
     </span>
     <span class='ocr_line' id='line_1_18' title="bbox 183 2041 1285 2106; baseline -0.001 -15"><span class='ocrx_word' id='word_1_139' title='bbox 183 2043 276 2102; x_wconf 57' lang='lat' dir='ltr'><strong>scissim</strong></span> <span class='ocrx_word' id='word_1_140' title='bbox 292 2044 443 2106; x_wconf 71' lang='lat' dir='ltr'><strong>amplectitur</strong></span> <span class='ocrx_word' id='word_1_141' title='bbox 453 2043 581 2091; x_wconf 72' lang='lat' dir='ltr'><strong>Ascanium</strong></span> <span class='ocrx_word' id='word_1_142' title='bbox 591 2044 665 2091; x_wconf 81' lang='lat' dir='ltr'><strong>armis</strong></span> <span class='ocrx_word' id='word_1_143' title='bbox 680 2042 844 2103; x_wconf 63' lang='lat' dir='ltr'><strong>circumsetis,</strong></span> <span class='ocrx_word' id='word_1_144' title='bbox 855 2046 878 2090; x_wconf 83' lang='lat' dir='ltr'><strong>et</strong></span> <span class='ocrx_word' id='word_1_145' title='bbox 890 2042 996 2088; x_wconf 69' lang='lat' dir='ltr'><strong>usuam</strong></span> <span class='ocrx_word' id='word_1_146' title='bbox 1007 2055 1051 2104; x_wconf 80' lang='lat' dir='ltr'><strong>per</strong></span> <span class='ocrx_word' id='word_1_147' title='bbox 1066 2041 1179 2089; x_wconf 81' lang='lat' dir='ltr'><strong>cassidem</strong></span> <span class='ocrx_word' id='word_1_148' title='bbox 1195 2056 1285 2090; x_wconf 84' lang='lat' dir='ltr'><strong>summu</strong></span> 
     </span>
     <span class='ocr_line' id='line_1_19' title="bbox 183 2104 1285 2168; baseline 0.001 -15"><span class='ocrx_word' id='word_1_149' title='bbox 183 2104 234 2164; x_wconf 76' lang='lat' dir='ltr'><strong>ejus</strong></span> <span class='ocrx_word' id='word_1_150' title='bbox 244 2121 294 2167; x_wconf 83' lang='lat' dir='ltr'><strong>ora,</strong></span> <span class='ocrx_word' id='word_1_151' title='bbox 304 2107 340 2154; x_wconf 87' lang='lat' dir='ltr'><strong>sic</strong></span> <span class='ocrx_word' id='word_1_152' title='bbox 351 2107 466 2168; x_wconf 83' lang='lat' dir='ltr'><strong>loquitur:</strong></span> <span class='ocrx_word' id='word_1_153' title='bbox 483 2107 507 2155; x_wconf 91' lang='lat'>0</span> <span class='ocrx_word' id='word_1_154' title='bbox 517 2122 584 2168; x_wconf 79' lang='lat' dir='ltr'><strong>puer,</strong></span> <span class='ocrx_word' id='word_1_155' title='bbox 595 2121 659 2154; x_wconf 84' lang='lat' dir='ltr'><strong>sume</strong></span> <span class='ocrx_word' id='word_1_156' title='bbox 669 2121 700 2155; x_wconf 79' lang='lat' dir='ltr'><strong>ex</strong></span> <span class='ocrx_word' id='word_1_157' title='bbox 711 2120 747 2154; x_wconf 85' lang='lat' dir='ltr'><strong>me</strong></span> <span class='ocrx_word' id='word_1_158' title='bbox 757 2107 885 2168; x_wconf 80' lang='lat' dir='ltr'><strong>exemplum</strong></span> <span class='ocrx_word' id='word_1_159' title='bbox 896 2104 995 2153; x_wconf 86' lang='lat' dir='ltr'><strong>cirtutis</strong></span> <span class='ocrx_word' id='word_1_160' title='bbox 1004 2109 1027 2152; x_wconf 82' lang='lat' dir='ltr'><strong>et</strong></span> <span class='ocrx_word' id='word_1_161' title='bbox 1039 2105 1108 2165; x_wconf 78' lang='lat' dir='ltr'><strong>digni</strong></span> <span class='ocrx_word' id='word_1_162' title='bbox 1119 2105 1219 2161; x_wconf 62' lang='lat' dir='ltr'><strong>tulerim</strong></span> <span class='ocrx_word' id='word_1_163' title='bbox 1230 2104 1285 2164; x_wconf 82' lang='lat' dir='ltr'><strong>sor·</strong></span> 
     </span>
     <span class='ocr_line' id='line_1_20' title="bbox 183 2169 1285 2230; baseline 0 -12"><span class='ocrx_word' id='word_1_164' title='bbox 183 2175 248 2218; x_wconf 72' lang='lat' dir='ltr'><strong>isne</strong></span> <span class='ocrx_word' id='word_1_165' title='bbox 257 2178 343 2218; x_wconf 83' lang='lat' dir='ltr'><strong>antem</strong></span> <span class='ocrx_word' id='word_1_166' title='bbox 354 2186 384 2218; x_wconf 84' lang='lat' dir='ltr'><strong>ex</strong></span> <span class='ocrx_word' id='word_1_167' title='bbox 394 2171 455 2218; x_wconf 86' lang='lat' dir='ltr'><strong>atiis.</strong></span> <span class='ocrx_word' id='word_1_168' title='bbox 474 2171 536 2218; x_wconf 80' lang='lat' dir='ltr'><strong>Mox</strong></span> <span class='ocrx_word' id='word_1_169' title='bbox 546 2172 644 2230; x_wconf 78' lang='lat' dir='ltr'><strong>dexteru</strong></span> <span class='ocrx_word' id='word_1_170' title='bbox 653 2169 785 2229; x_wconf 81' lang='lat' dir='ltr'><strong>meufscict</strong></span> <span class='ocrx_word' id='word_1_171' title='bbox 794 2173 818 2217; x_wconf 85' lang='lat' dir='ltr'><strong>te</strong></span> <span class='ocrx_word' id='word_1_172' title='bbox 827 2170 884 2217; x_wconf 80' lang='lat' dir='ltr'><strong>delto</strong></span> <span class='ocrx_word' id='word_1_173' title='bbox 895 2183 1009 2229; x_wconf 83' lang='lat' dir='ltr'><strong>securum,</strong></span> <span class='ocrx_word' id='word_1_174' title='bbox 1018 2173 1041 2216; x_wconf 85' lang='lat' dir='ltr'><strong>rt</strong></span> <span class='ocrx_word' id='word_1_175' title='bbox 1052 2170 1119 2216; x_wconf 83' lang='lat' dir='ltr'><strong>duest</strong></span> <span class='ocrx_word' id='word_1_176' title='bbox 1131 2174 1201 2218; x_wconf 88' lang='lat' dir='ltr'><strong>tuam</strong></span> <span class='ocrx_word' id='word_1_177' title='bbox 1213 2183 1285 2219; x_wconf 84' lang='lat' dir='ltr'><strong>secu·</strong></span> 
     </span>
    </p>
   </div>
   <div class='ocr_carea' id='block_1_4' title="bbox 85 2231 1286 2294">
    <p class='ocr_par' dir='ltr' id='par_1_15' title="bbox 85 2231 1286 2294">
     <span class='ocr_line' id='line_1_21' title="bbox 85 2231 1286 2294; baseline 0.003 -16"><span class='ocrx_word' id='word_1_178' title='bbox 85 2262 87 2267; x_wconf 91' lang='lat'>-</span> <span class='ocrx_word' id='word_1_179' title='bbox 184 2231 288 2280; x_wconf 76' lang='lat' dir='ltr'><strong>ritatem</strong></span> <span class='ocrx_word' id='word_1_180' title='bbox 300 2234 362 2280; x_wconf 81' lang='lat' dir='ltr'><strong>iuter</strong></span> <span class='ocrx_word' id='word_1_181' title='bbox 374 2248 459 2293; x_wconf 71' lang='lat' dir='ltr'><strong>rnuguu</strong></span> <span class='ocrx_word' id='word_1_182' title='bbox 471 2248 514 2280; x_wconf 78' lang='lat' dir='ltr'><strong>sua</strong></span> <span class='ocrx_word' id='word_1_183' title='bbox 522 2233 628 2293; x_wconf 74' lang='lat' dir='ltr'><strong>premis.</strong></span> <span class='ocrx_word' id='word_1_184' title='bbox 664 2234 702 2281; x_wconf 82' lang='lat' dir='ltr'><strong>Tu</strong></span> <span class='ocrx_word' id='word_1_185' title='bbox 712 2248 775 2292; x_wconf 78' lang='lat' dir='ltr'><strong>mox,</strong></span> <span class='ocrx_word' id='word_1_186' title='bbox 786 2235 876 2294; x_wconf 75' lang='lat' dir='ltr'><strong>quaudo</strong></span> <span class='ocrx_word' id='word_1_187' title='bbox 887 2237 946 2280; x_wconf 78' lang='lat' dir='ltr'><strong>etus</strong></span> <span class='ocrx_word' id='word_1_188' title='bbox 959 2231 1088 2294; x_wconf 75' lang='lat' dir='ltr'><strong>protectior</strong></span> <span class='ocrx_word' id='word_1_189' title='bbox 1098 2232 1286 2294; x_wconf 72' lang='lat' dir='ltr'><strong>adoleverit‚sue</strong></span> 
     </span>
    </p>
   </div>
   <div class='ocr_carea' id='block_1_5' title="bbox 183 2295 1285 2422">
    <p class='ocr_par' dir='ltr' id='par_1_16' title="bbox 183 2295 1285 2422">
     <span class='ocr_line' id='line_1_22' title="bbox 184 2295 1285 2358; baseline 0.005 -18"><span class='ocrx_word' id='word_1_190' title='bbox 184 2301 213 2341; x_wconf 89' lang='lat' dir='ltr'><strong>ut</strong></span> <span class='ocrx_word' id='word_1_191' title='bbox 231 2296 265 2342; x_wconf 84' lang='lat' dir='ltr'><strong>sis</strong></span> <span class='ocrx_word' id='word_1_192' title='bbox 281 2309 366 2342; x_wconf 74' lang='lat' dir='ltr'><strong>numos</strong></span> <span class='ocrx_word' id='word_1_193' title='bbox 382 2310 445 2343; x_wconf 70' lang='lat' dir='ltr'><strong>meze</strong></span> <span class='ocrx_word' id='word_1_194' title='bbox 461 2295 579 2343; x_wconf 84' lang='lat' dir='ltr'><strong>virtutis:</strong></span> <span class='ocrx_word' id='word_1_195' title='bbox 597 2301 621 2344; x_wconf 84' lang='lat' dir='ltr'><strong>et</strong></span> <span class='ocrx_word' id='word_1_196' title='bbox 635 2300 705 2356; x_wconf 83' lang='lat' dir='ltr'><strong>puter</strong></span> <span class='ocrx_word' id='word_1_197' title='bbox 722 2296 809 2342; x_wconf 82' lang='lat' dir='ltr'><strong>AEueus</strong></span> <span class='ocrx_word' id='word_1_198' title='bbox 824 2301 894 2358; x_wconf 82' lang='lat' dir='ltr'><strong>etque</strong></span> <span class='ocrx_word' id='word_1_199' title='bbox 909 2296 1034 2344; x_wconf 81' lang='lat' dir='ltr'><strong>acuucuius</strong></span> <span class='ocrx_word' id='word_1_200' title='bbox 1051 2295 1141 2344; x_wconf 81' lang='lat' dir='ltr'><strong>Hector</strong></span> <span class='ocrx_word' id='word_1_201' title='bbox 1155 2297 1244 2346; x_wconf 79' lang='lat' dir='ltr'><strong>excitet</strong></span> <span class='ocrx_word' id='word_1_202' title='bbox 1262 2303 1285 2346; x_wconf 89' lang='lat' dir='ltr'><strong>te</strong></span> 
     </span>
     <span class='ocr_line' id='line_1_23' title="bbox 183 2359 1285 2422; baseline 0.005 -17"><span class='ocrx_word' id='word_1_203' title='bbox 183 2359 334 2406; x_wconf 78' lang='lat' dir='ltr'><strong>recole-erstem</strong></span> <span class='ocrx_word' id='word_1_204' title='bbox 352 2361 428 2407; x_wconf 78' lang='lat' dir='ltr'><strong>auium</strong></span> <span class='ocrx_word' id='word_1_205' title='bbox 445 2360 550 2422; x_wconf 78' lang='lat' dir='ltr'><strong>exemplo</strong></span> <span class='ocrx_word' id='word_1_206' title='bbox 567 2364 667 2408; x_wconf 80' lang='lat' dir='ltr'><strong>tuomm.</strong></span> <span class='ocrx_word' id='word_1_207' title='bbox 701 2359 829 2421; x_wconf 77' lang='lat' dir='ltr'><strong>Postquam</strong></span> <span class='ocrx_word' id='word_1_208' title='bbox 847 2360 949 2422; x_wconf 80' lang='lat' dir='ltr'><strong>protulit</strong></span> <span class='ocrx_word' id='word_1_209' title='bbox 967 2360 1017 2408; x_wconf 78' lang='lat' dir='ltr'><strong>luce</strong></span> <span class='ocrx_word' id='word_1_210' title='bbox 1032 2359 1112 2422; x_wconf 73' lang='lat' dir='ltr'><strong>subo,</strong></span> <span class='ocrx_word' id='word_1_211' title='bbox 1130 2361 1216 2409; x_wconf 80' lang='lat' dir='ltr'><strong>extulit</strong></span> <span class='ocrx_word' id='word_1_212' title='bbox 1231 2376 1285 2411; x_wconf 86' lang='lat' dir='ltr'><strong>see</strong></span> 
     </span>
    </p>
   </div>
   <div class='ocr_carea' id='block_1_6' title="bbox 184 2569 1286 3081">
    <p class='ocr_par' dir='ltr' id='par_1_17' title="bbox 184 2569 1286 3081">
     <span class='ocr_line' id='line_1_24' title="bbox 185 2569 1286 2683; baseline 0.008 -69"><span class='ocrx_word' id='word_1_213' title='bbox 185 2581 201 2614; x_wconf 86' lang='lat' dir='ltr'><strong>a</strong></span> <span class='ocrx_word' id='word_1_214' title='bbox 218 2582 252 2616; x_wconf 90' lang='lat' dir='ltr'><strong>m.</strong></span> <span class='ocrx_word' id='word_1_215' title='bbox 272 2583 312 2631; x_wconf 85' lang='lat' dir='ltr'><strong>pr.</strong></span> <span class='ocrx_word' id='word_1_216' title='bbox 345 2584 456 2632; x_wconf 81' lang='lat' dir='ltr'><strong>surasque</strong></span> <span class='ocrx_word' id='word_1_217' title='bbox 478 2584 517 2633; x_wconf 78' lang='lat' dir='ltr'><strong>pr.</strong></span> <span class='ocrx_word' id='word_1_218' title='bbox 538 2569 774 2683; x_wconf 50' lang='lat' dir='ltr'><strong>Hemburqe-ttl.</strong></span> <span class='ocrx_word' id='word_1_219' title='bbox 791 2570 902 2634; x_wconf 74' lang='lat' dir='ltr'><strong>tusique</strong></span> <span class='ocrx_word' id='word_1_220' title='bbox 920 2572 1114 2636; x_wconf 69' lang='lat' dir='ltr'><strong>liugom-483.</strong></span> <span class='ocrx_word' id='word_1_221' title='bbox 1130 2589 1150 2621; x_wconf 86' lang='lat' dir='ltr'><strong>c.</strong></span> <span class='ocrx_word' id='word_1_222' title='bbox 1171 2573 1286 2623; x_wconf 74' lang='lat' dir='ltr'><strong>eiramis</strong></span> 
     </span>
     <span class='ocr_line' id='line_1_25' title="bbox 185 2631 1284 2699; baseline 0.004 -17"><span class='ocrx_word' id='word_1_223' title='bbox 185 2631 287 2696; x_wconf 78' lang='lat' dir='ltr'><strong>Meuag.</strong></span> <span class='ocrx_word' id='word_1_224' title='bbox 300 2637 429 2695; x_wconf 73' lang='lat' dir='ltr'><strong>pu-lto.</strong></span> <span class='ocrx_word' id='word_1_225' title='bbox 446 2640 593 2697; x_wconf 70' lang='lat' dir='ltr'><strong>veterumque</strong></span> <span class='ocrx_word' id='word_1_226' title='bbox 610 2634 655 2684; x_wconf 76' lang='lat' dir='ltr'><strong>Lei</strong></span> <span class='ocrx_word' id='word_1_227' title='bbox 676 2669 682 2682; x_wconf 89' lang='lat'><strong><em>.</em></strong></span> <span class='ocrx_word' id='word_1_228' title='bbox 703 2643 730 2684; x_wconf 89' lang='lat' dir='ltr'><strong>et</strong></span> <span class='ocrx_word' id='word_1_229' title='bbox 752 2635 877 2684; x_wconf 81' lang='lat' dir='ltr'><strong>Montelb.</strong></span> <span class='ocrx_word' id='word_1_230' title='bbox 905 2637 1059 2699; x_wconf 71' lang='lat' dir='ltr'><strong>¹iuceuumque</strong></span> <span class='ocrx_word' id='word_1_231' title='bbox 1074 2636 1284 2686; x_wconf 66' lang='grc'><strong>0601111101).-</strong></span> 
     </span>
     <span class='ocr_line' id='line_1_26' title="bbox 184 2696 1285 2764; baseline 0.006 -20"><span class='ocrx_word' id='word_1_232' title='bbox 184 2696 240 2745; x_wconf 79' lang='grc'><strong>436.</strong></span> <span class='ocrx_word' id='word_1_233' title='bbox 260 2697 314 2744; x_wconf 78' lang='lat' dir='ltr'><strong>Nm</strong></span> <span class='ocrx_word' id='word_1_234' title='bbox 325 2703 349 2745; x_wconf 81' lang='lat' dir='ltr'><strong>te</strong></span> <span class='ocrx_word' id='word_1_235' title='bbox 361 2697 401 2745; x_wconf 90' lang='lat' dir='ltr'><strong>ed.</strong></span> <span class='ocrx_word' id='word_1_236' title='bbox 414 2712 453 2759; x_wconf 86' lang='lat' dir='ltr'><strong>pr.</strong></span> <span class='ocrx_word' id='word_1_237' title='bbox 464 2699 693 2748; x_wconf 74' lang='lat' dir='ltr'><strong>Burrenum—iti.</strong></span> <span class='ocrx_word' id='word_1_238' title='bbox 710 2713 820 2760; x_wconf 77' lang='lat' dir='ltr'><strong>maguum</strong></span> <span class='ocrx_word' id='word_1_239' title='bbox 832 2700 934 2763; x_wconf 85' lang='lat' dir='ltr'><strong>Hugen.</strong></span> <span class='ocrx_word' id='word_1_240' title='bbox 946 2706 974 2749; x_wconf 88' lang='grc'><strong>01</strong></span> <span class='ocrx_word' id='word_1_241' title='bbox 984 2700 1025 2750; x_wconf 89' lang='lat' dir='ltr'><strong>cd.</strong></span> <span class='ocrx_word' id='word_1_242' title='bbox 1038 2716 1077 2764; x_wconf 87' lang='lat' dir='ltr'><strong>pr.</strong></span> <span class='ocrx_word' id='word_1_243' title='bbox 1089 2702 1177 2750; x_wconf 86' lang='lat' dir='ltr'><strong>Burm.</strong></span> <span class='ocrx_word' id='word_1_244' title='bbox 1198 2702 1285 2763; x_wconf 76' lang='lat' dir='ltr'><strong>prelio</strong></span> 
     </span>
     <span class='ocr_line' id='line_1_27' title="bbox 184 2759 1285 2828; baseline 0.005 -20"><span class='ocrx_word' id='word_1_245' title='bbox 184 2759 281 2824; x_wconf 75' lang='lat' dir='ltr'><strong>aliquot</strong></span> <span class='ocrx_word' id='word_1_246' title='bbox 297 2761 375 2816; x_wconf 69' lang='lat' dir='ltr'><strong>Pleu,</strong></span> <span class='ocrx_word' id='word_1_247' title='bbox 385 2769 439 2810; x_wconf 87' lang='lat' dir='ltr'><strong>tum</strong></span> <span class='ocrx_word' id='word_1_248' title='bbox 455 2763 558 2827; x_wconf 73' lang='lat' dir='ltr'><strong>Meurig.</strong></span> <span class='ocrx_word' id='word_1_249' title='bbox 576 2779 615 2828; x_wconf 90' lang='lat' dir='ltr'><strong>pr.</strong></span> <span class='ocrx_word' id='word_1_250' title='bbox 627 2771 654 2812; x_wconf 90' lang='lat' dir='ltr'><strong>ct</strong></span> <span class='ocrx_word' id='word_1_251' title='bbox 666 2764 745 2813; x_wconf 86' lang='lat' dir='ltr'><strong>Goth.</strong></span> <span class='ocrx_word' id='word_1_252' title='bbox 758 2770 818 2812; x_wconf 90' lang='lat' dir='ltr'><strong>tert.</strong></span> <span class='ocrx_word' id='word_1_253' title='bbox 831 2778 888 2813; x_wconf 87' lang='lat' dir='ltr'><strong>cum</strong></span> <span class='ocrx_word' id='word_1_254' title='bbox 900 2764 1020 2813; x_wconf 88' lang='lat' dir='ltr'><strong>secundo.</strong></span> <span class='ocrx_word' id='word_1_255' title='bbox 1053 2761 1104 2813; x_wconf 85' lang='lat' dir='ltr'><strong>Sed</strong></span> <span class='ocrx_word' id='word_1_256' title='bbox 1113 2764 1212 2827; x_wconf 62' lang='lat' dir='ltr'><strong>praemis</strong></span> <span class='ocrx_word' id='word_1_257' title='bbox 1224 2775 1285 2814; x_wconf 86' lang='lat' dir='ltr'><strong>sunt</strong></span> 
     </span>
     <span class='ocr_line' id='line_1_28' title="bbox 184 2822 1286 2890; baseline 0.006 -20"><span class='ocrx_word' id='word_1_258' title='bbox 184 2822 310 2880; x_wconf 69' lang='lat' dir='ltr'><strong>victoria»,</strong></span> <span class='ocrx_word' id='word_1_259' title='bbox 323 2832 350 2873; x_wconf 87' lang='lat' dir='ltr'><strong>ut</strong></span> <span class='ocrx_word' id='word_1_260' title='bbox 366 2826 391 2872; x_wconf 93' lang='lat' dir='ltr'><strong>in</strong></span> <span class='ocrx_word' id='word_1_261' title='bbox 408 2827 487 2875; x_wconf 83' lang='lat' dir='ltr'><strong>Notis</strong></span> <span class='ocrx_word' id='word_1_262' title='bbox 497 2828 602 2876; x_wconf 88' lang='lat' dir='ltr'><strong>dictum.</strong></span> <span class='ocrx_word' id='word_1_263' title='bbox 636 2827 807 2890; x_wconf 77' lang='lat' dir='ltr'><strong>Sup.proemiu</strong></span> <span class='ocrx_word' id='word_1_264' title='bbox 902 2832 1101 2890; x_wconf 76' lang='grc'><strong>,11,78.-436.</strong></span> <span class='ocrx_word' id='word_1_265' title='bbox 1121 2826 1286 2877; x_wconf 62' lang='grc'><strong>7101010110-</strong></span> 
     </span>
     <span class='ocr_line' id='line_1_29' title="bbox 184 2888 1284 2954; baseline 0.006 -19"><span class='ocrx_word' id='word_1_266' title='bbox 184 2889 272 2936; x_wconf 81' lang='lat' dir='ltr'><strong>lecerat</strong></span> <span class='ocrx_word' id='word_1_267' title='bbox 285 2888 516 2948; x_wconf 80' lang='lat' dir='ltr'><strong>ltledie.‚sedarn.</strong></span> <span class='ocrx_word' id='word_1_268' title='bbox 530 2907 568 2954; x_wconf 86' lang='lat' dir='ltr'><strong>pr.</strong></span> <span class='ocrx_word' id='word_1_269' title='bbox 593 2896 683 2940; x_wconf 78' lang='lat' dir='ltr'><strong>maturo</strong></span> <span class='ocrx_word' id='word_1_270' title='bbox 696 2891 791 2954; x_wconf 80' lang='lat' dir='ltr'><strong>aliquot</strong></span> <span class='ocrx_word' id='word_1_271' title='bbox 828 2891 1192 2953; x_wconf 67' lang='lat' dir='ltr'><strong>&#39;er.—439.esempiucimrum</strong></span> <span class='ocrx_word' id='word_1_272' title='bbox 1204 2891 1284 2942; x_wconf 87' lang='lat' dir='ltr'><strong>Goth.</strong></span> 
     </span>
     <span class='ocr_line' id='line_1_30' title="bbox 184 2953 1284 3017; baseline 0.005 -18"><span class='ocrx_word' id='word_1_273' title='bbox 184 2957 337 3000; x_wconf 76' lang='lat' dir='ltr'><strong>tert—liti.</strong></span> <span class='ocrx_word' id='word_1_274' title='bbox 355 2953 445 3000; x_wconf 66' lang='lat' dir='ltr'><strong>excitet</strong></span> <span class='ocrx_word' id='word_1_275' title='bbox 458 2954 536 3002; x_wconf 87' lang='lat' dir='ltr'><strong>Goth.</strong></span> <span class='ocrx_word' id='word_1_276' title='bbox 550 2962 610 3003; x_wconf 86' lang='lat' dir='ltr'><strong>tert.</strong></span> <span class='ocrx_word' id='word_1_277' title='bbox 644 2956 729 3002; x_wconf 68' lang='lat' dir='ltr'><strong>extulit</strong></span> <span class='ocrx_word' id='word_1_278' title='bbox 740 2960 882 3003; x_wconf 70' lang='lat' dir='ltr'><strong>sec-rer.</strong></span> <span class='ocrx_word' id='word_1_279' title='bbox 901 2954 962 3002; x_wconf 75' lang='lat' dir='ltr'><strong>Huc</strong></span> <span class='ocrx_word' id='word_1_280' title='bbox 978 2954 1023 3001; x_wconf 82' lang='lat' dir='ltr'><strong>titi</strong></span> <span class='ocrx_word' id='word_1_281' title='bbox 1040 2954 1119 3004; x_wconf 83' lang='lat' dir='ltr'><strong>Goth.</strong></span> <span class='ocrx_word' id='word_1_282' title='bbox 1137 2970 1177 3017; x_wconf 86' lang='lat' dir='ltr'><strong>pr.</strong></span> <span class='ocrx_word' id='word_1_283' title='bbox 1195 2964 1224 3004; x_wconf 85' lang='lat' dir='ltr'><strong>et</strong></span> <span class='ocrx_word' id='word_1_284' title='bbox 1241 2957 1284 3005; x_wconf 88' lang='lat' dir='ltr'><strong>ed.</strong></span> 
     </span>
     <span class='ocr_line' id='line_1_31' title="bbox 185 3014 1285 3081; baseline 0.007 -19"><span class='ocrx_word' id='word_1_285' title='bbox 185 3014 251 3063; x_wconf 86' lang='lat' dir='ltr'><strong>Ven.</strong></span> <span class='ocrx_word' id='word_1_286' title='bbox 265 3019 335 3064; x_wconf 85' lang='grc'><strong>1484.</strong></span> <span class='ocrx_word' id='word_1_287' title='bbox 359 3016 436 3079; x_wconf 79' lang='lat' dir='ltr'><strong>portis</strong></span> <span class='ocrx_word' id='word_1_288' title='bbox 444 3031 492 3065; x_wconf 84' lang='lat' dir='ltr'><strong>sese</strong></span> <span class='ocrx_word' id='word_1_289' title='bbox 503 3019 588 3066; x_wconf 74' lang='lat' dir='ltr'><strong>extulit</strong></span> <span class='ocrx_word' id='word_1_290' title='bbox 598 3019 654 3066; x_wconf 82' lang='lat' dir='ltr'><strong>attis</strong></span> <span class='ocrx_word' id='word_1_291' title='bbox 664 3017 723 3068; x_wconf 87' lang='lat' dir='ltr'><strong>edd.</strong></span> <span class='ocrx_word' id='word_1_292' title='bbox 736 3027 801 3065; x_wconf 84' lang='lat' dir='ltr'><strong>vett.</strong></span> <span class='ocrx_word' id='word_1_293' title='bbox 813 3024 841 3066; x_wconf 91' lang='lat' dir='ltr'><strong>et</strong></span> <span class='ocrx_word' id='word_1_294' title='bbox 853 3031 911 3081; x_wconf 78' lang='lat' dir='ltr'><strong>pers</strong></span> <span class='ocrx_word' id='word_1_295' title='bbox 921 3017 1006 3080; x_wconf 83' lang='lat' dir='ltr'><strong>codd,</strong></span> <span class='ocrx_word' id='word_1_296' title='bbox 1017 3018 1063 3066; x_wconf 87' lang='lat' dir='ltr'><strong>sed</strong></span> <span class='ocrx_word' id='word_1_297' title='bbox 1074 3018 1152 3067; x_wconf 86' lang='lat' dir='ltr'><strong>Pierii</strong></span> <span class='ocrx_word' id='word_1_298' title='bbox 1163 3026 1191 3068; x_wconf 87' lang='lat' dir='ltr'><strong>ot</strong></span> <span class='ocrx_word' id='word_1_299' title='bbox 1205 3020 1285 3070; x_wconf 84' lang='lat' dir='ltr'><strong>Heiu-</strong></span> 
     </span>
    </p>
   </div>
   <div class='ocr_carea' id='block_1_7' title="bbox 680 3132 919 3185">
    <p class='ocr_par' dir='ltr' id='par_1_18' title="bbox 680 3132 919 3185">
     <span class='ocr_line' id='line_1_32' title="bbox 680 3132 919 3185; baseline -0.004 0"><span class='ocrx_word' id='word_1_300' title='bbox 680 3136 784 3185; x_wconf 73' lang='lat' dir='ltr'><strong>Norffi</strong></span> <span class='ocrx_word' id='word_1_301' title='bbox 837 3132 840 3138; x_wconf 87' lang='grc'>’</span> <span class='ocrx_word' id='word_1_302' title='bbox 917 3141 919 3143; x_wconf 83' lang='grc'><strong>’</strong></span> 
     </span>
    </p>
   </div>
   <div class='ocr_carea' id='block_1_8' title="bbox 183 3229 1286 3984">
    <p class='ocr_par' dir='ltr' id='par_1_19' title="bbox 183 3229 1286 3984">
     <span class='ocr_line' id='line_1_33' title="bbox 216 3229 1284 3300; baseline 0.012 -23"><span class='ocrx_word' id='word_1_303' title='bbox 216 3233 264 3278; x_wconf 87' lang='grc'><strong>430</strong></span> <span class='ocrx_word' id='word_1_304' title='bbox 290 3229 374 3292; x_wconf 78' lang='lat' dir='ltr'><strong>Sume]</strong></span> <span class='ocrx_word' id='word_1_305' title='bbox 401 3231 466 3280; x_wconf 84' lang='lat' dir='ltr'><strong>Pars</strong></span> <span class='ocrx_word' id='word_1_306' title='bbox 485 3233 557 3282; x_wconf 86' lang='lat' dir='ltr'><strong>tibiae</strong></span> <span class='ocrx_word' id='word_1_307' title='bbox 579 3233 714 3296; x_wconf 81' lang='lat' dir='ltr'><strong>posterior,</strong></span> <span class='ocrx_word' id='word_1_308' title='bbox 753 3239 839 3282; x_wconf 85' lang='lat' dir='ltr'><strong>tomen</strong></span> <span class='ocrx_word' id='word_1_309' title='bbox 852 3234 960 3285; x_wconf 80' lang='lat' dir='ltr'><strong>adversa</strong></span> <span class='ocrx_word' id='word_1_310' title='bbox 972 3235 1075 3286; x_wconf 78' lang='lat' dir='ltr'><strong>fortuna</strong></span> <span class='ocrx_word' id='word_1_311' title='bbox 1088 3239 1203 3300; x_wconf 75' lang='lat' dir='ltr'><strong>jactatus</strong></span> <span class='ocrx_word' id='word_1_312' title='bbox 1215 3249 1284 3290; x_wconf 80' lang='lat' dir='ltr'><strong>este-</strong></span> 
     </span>
     <span class='ocr_line' id='line_1_34' title="bbox 185 3305 905 3370; baseline 0.006 -15"><span class='ocrx_word' id='word_1_313' title='bbox 185 3317 293 3355; x_wconf 71' lang='lat' dir='ltr'><strong>carnosa</strong></span> <span class='ocrx_word' id='word_1_314' title='bbox 304 3313 331 3354; x_wconf 88' lang='lat' dir='ltr'><strong>et</strong></span> <span class='ocrx_word' id='word_1_315' title='bbox 342 3305 501 3356; x_wconf 83' lang='lat' dir='ltr'><strong>ventricosa:</strong></span> <span class='ocrx_word' id='word_1_316' title='bbox 520 3321 567 3370; x_wconf 79' lang='lat' dir='ltr'><strong>pro</strong></span> <span class='ocrx_word' id='word_1_317' title='bbox 583 3315 637 3357; x_wconf 86' lang='lat' dir='ltr'><strong>tots</strong></span> <span class='ocrx_word' id='word_1_318' title='bbox 648 3308 714 3357; x_wconf 84' lang='lat' dir='ltr'><strong>tibio</strong></span> <span class='ocrx_word' id='word_1_319' title='bbox 753 3324 800 3358; x_wconf 87' lang='lat' dir='ltr'><strong>nus</strong></span> <span class='ocrx_word' id='word_1_320' title='bbox 810 3309 905 3359; x_wconf 84' lang='lat' dir='ltr'><strong>fueret.</strong></span> 
     </span>
     <span class='ocr_line' id='line_1_35' title="bbox 186 3379 1283 3452; baseline 0.012 -26"><span class='ocrx_word' id='word_1_321' title='bbox 186 3379 301 3441; x_wconf 78' lang='lat' dir='ltr'><strong>sumitur,</strong></span> <span class='ocrx_word' id='word_1_322' title='bbox 320 3395 394 3443; x_wconf 85' lang='lat' dir='ltr'><strong>quam</strong></span> <span class='ocrx_word' id='word_1_323' title='bbox 414 3382 500 3429; x_wconf 78' lang='lat' dir='ltr'><strong>vestiit</strong></span> <span class='ocrx_word' id='word_1_324' title='bbox 520 3381 612 3431; x_wconf 80' lang='lat' dir='ltr'><strong>AEneos</strong></span> <span class='ocrx_word' id='word_1_325' title='bbox 630 3383 713 3431; x_wconf 83' lang='lat' dir='ltr'><strong>eureis</strong></span> <span class='ocrx_word' id='word_1_326' title='bbox 784 3390 831 3435; x_wconf 89' lang='grc'><strong>437</strong></span> <span class='ocrx_word' id='word_1_327' title='bbox 850 3388 941 3449; x_wconf 72' lang='lat' dir='ltr'><strong>dirigere</strong></span> <span class='ocrx_word' id='word_1_328' title='bbox 953 3389 1016 3436; x_wconf 85' lang='lat' dir='ltr'><strong>iuter</strong></span> <span class='ocrx_word' id='word_1_329' title='bbox 1030 3390 1127 3451; x_wconf 75' lang='lat' dir='ltr'><strong>pramis</strong></span> <span class='ocrx_word' id='word_1_330' title='bbox 1138 3390 1217 3452; x_wconf 83' lang='lat' dir='ltr'><strong>ducet]</strong></span> <span class='ocrx_word' id='word_1_331' title='bbox 1234 3391 1283 3439; x_wconf 89' lang='lat' dir='ltr'><strong>Vel</strong></span> 
     </span>
     <span class='ocr_line' id='line_1_36' title="bbox 184 3454 1284 3527; baseline 0.012 -25"><span class='ocrx_word' id='word_1_332' title='bbox 184 3454 274 3502; x_wconf 84' lang='lat' dir='ltr'><strong>ocreis.</strong></span> <span class='ocrx_word' id='word_1_333' title='bbox 752 3463 1284 3527; x_wconf 74' lang='lat' dir='ltr'><strong>dueetteodmaguuproemio,toudis‚regui.</strong></span> 
     </span>
     <span class='ocr_line' id='line_1_37' title="bbox 214 3530 1285 3603; baseline 0.013 -25"><span class='ocrx_word' id='word_1_334' title='bbox 214 3534 260 3579; x_wconf 81' lang='grc'><strong>431</strong></span> <span class='ocrx_word' id='word_1_335' title='bbox 288 3530 434 3593; x_wconf 69' lang='lat' dir='ltr'><strong>flauumque</strong></span> <span class='ocrx_word' id='word_1_336' title='bbox 462 3533 577 3596; x_wconf 79' lang='lat' dir='ltr'><strong>coruscet]</strong></span> <span class='ocrx_word' id='word_1_337' title='bbox 609 3535 712 3597; x_wconf 82' lang='lat' dir='ltr'><strong>Active,</strong></span> <span class='ocrx_word' id='word_1_338' title='bbox 750 3540 791 3600; x_wconf 70' lang='lat' dir='ltr'><strong>ire.</strong></span> <span class='ocrx_word' id='word_1_339' title='bbox 804 3548 832 3588; x_wconf 89' lang='lat' dir='ltr'><strong>ut</strong></span> <span class='ocrx_word' id='word_1_340' title='bbox 843 3540 1285 3603; x_wconf 74' lang='grc' dir='ltr'><strong>1011801110οινο110110,6ιωε1αε</strong></span> 
     </span>
     <span class='ocr_line' id='line_1_38' title="bbox 186 3601 1285 3681; baseline 0.015 -30"><span class='ocrx_word' id='word_1_341' title='bbox 186 3601 243 3652; x_wconf 78' lang='lat' dir='ltr'><strong>AEn.</strong></span> <span class='ocrx_word' id='word_1_342' title='bbox 256 3618 281 3652; x_wconf 93' lang='lat' dir='ltr'><strong>v.</strong></span> <span class='ocrx_word' id='word_1_343' title='bbox 294 3609 350 3654; x_wconf 71' lang='lat'><strong>642.</strong></span> <span class='ocrx_word' id='word_1_344' title='bbox 751 3616 869 3678; x_wconf 75' lang='lat' dir='ltr'><strong>reputabit</strong></span> <span class='ocrx_word' id='word_1_345' title='bbox 886 3617 967 3677; x_wconf 75' lang='lat' dir='ltr'><strong>magui</strong></span> <span class='ocrx_word' id='word_1_346' title='bbox 981 3618 1075 3679; x_wconf 74' lang='lat' dir='ltr'><strong>premii</strong></span> <span class='ocrx_word' id='word_1_347' title='bbox 1086 3618 1172 3678; x_wconf 76' lang='grc' dir='ltr'><strong>1000,οἰ</strong></span> <span class='ocrx_word' id='word_1_348' title='bbox 1186 3624 1285 3681; x_wconf 77' lang='lat' dir='ltr'><strong>postici</strong></span> 
     </span>
     <span class='ocr_line' id='line_1_39' title="bbox 214 3680 1286 3755; baseline 0.015 -27"><span class='ocrx_word' id='word_1_349' title='bbox 214 3682 264 3728; x_wconf 87' lang='grc'><strong>434</strong></span> <span class='ocrx_word' id='word_1_350' title='bbox 291 3680 405 3728; x_wconf 77' lang='lat' dir='ltr'><strong>vetitam</strong></span> <span class='ocrx_word' id='word_1_351' title='bbox 426 3683 513 3746; x_wconf 78' lang='lat' dir='ltr'><strong>sumtu]</strong></span> <span class='ocrx_word' id='word_1_352' title='bbox 538 3685 592 3733; x_wconf 88' lang='lat' dir='ltr'><strong>Ore</strong></span> <span class='ocrx_word' id='word_1_353' title='bbox 615 3687 714 3736; x_wconf 85' lang='lat' dir='ltr'><strong>contiu-</strong></span> <span class='ocrx_word' id='word_1_354' title='bbox 752 3690 1286 3755; x_wconf 77' lang='lat' dir='ltr'><strong>tsborestedefensumdorepossitsvidetur</strong></span> 
     </span>
     <span class='ocr_line' id='line_1_40' title="bbox 184 3756 1285 3820; baseline 0.017 -19"><span class='ocrx_word' id='word_1_355' title='bbox 184 3766 246 3816; x_wconf 81' lang='lat' dir='ltr'><strong>gens</strong></span> <span class='ocrx_word' id='word_1_356' title='bbox 263 3769 323 3803; x_wconf 83' lang='lat' dir='ltr'><strong>om:</strong></span> <span class='ocrx_word' id='word_1_357' title='bbox 342 3756 408 3804; x_wconf 85' lang='lat' dir='ltr'><strong>hunc</strong></span> <span class='ocrx_word' id='word_1_358' title='bbox 427 3757 494 3805; x_wconf 84' lang='lat' dir='ltr'><strong>enirn</strong></span> <span class='ocrx_word' id='word_1_359' title='bbox 510 3773 564 3807; x_wconf 84' lang='lat' dir='ltr'><strong>esse</strong></span> <span class='ocrx_word' id='word_1_360' title='bbox 576 3760 714 3809; x_wconf 83' lang='lat' dir='ltr'><strong>locutionis</strong></span> <span class='ocrx_word' id='word_1_361' title='bbox 754 3764 821 3814; x_wconf 75' lang='lat' dir='ltr'><strong>elsim</strong></span> <span class='ocrx_word' id='word_1_362' title='bbox 833 3767 928 3815; x_wconf 81' lang='lat' dir='ltr'><strong>AEsess</strong></span> <span class='ocrx_word' id='word_1_363' title='bbox 939 3765 1044 3815; x_wconf 79' lang='lat' dir='ltr'><strong>Asconii</strong></span> <span class='ocrx_word' id='word_1_364' title='bbox 1061 3768 1134 3816; x_wconf 88' lang='lat' dir='ltr'><strong>unius</strong></span> <span class='ocrx_word' id='word_1_365' title='bbox 1151 3783 1230 3819; x_wconf 78' lang='lat' dir='ltr'><strong>cause</strong></span> <span class='ocrx_word' id='word_1_366' title='bbox 1246 3777 1285 3820; x_wconf 88' lang='lat' dir='ltr'><strong>tot</strong></span> 
     </span>
     <span class='ocr_line' id='line_1_41' title="bbox 184 3829 1154 3905; baseline 0.016 -28"><span class='ocrx_word' id='word_1_367' title='bbox 184 3829 259 3892; x_wconf 86' lang='lat' dir='ltr'><strong>hujus</strong></span> <span class='ocrx_word' id='word_1_368' title='bbox 279 3846 367 3880; x_wconf 77' lang='lat' dir='ltr'><strong>sensus</strong></span> <span class='ocrx_word' id='word_1_369' title='bbox 381 3832 545 3894; x_wconf 86' lang='lat' dir='ltr'><strong>ostendimus,</strong></span> <span class='ocrx_word' id='word_1_370' title='bbox 555 3836 611 3884; x_wconf 85' lang='lat' dir='ltr'><strong>AEu.</strong></span> <span class='ocrx_word' id='word_1_371' title='bbox 623 3849 642 3884; x_wconf 91' lang='grc'><strong>1.</strong></span> <span class='ocrx_word' id='word_1_372' title='bbox 655 3841 711 3886; x_wconf 77' lang='lat' dir='ltr'><strong>eoo.</strong></span> <span class='ocrx_word' id='word_1_373' title='bbox 752 3835 851 3888; x_wconf 76' lang='lat' dir='ltr'><strong>labores</strong></span> <span class='ocrx_word' id='word_1_374' title='bbox 863 3842 1000 3904; x_wconf 74' lang='lat' dir='ltr'><strong>suscipere,</strong></span> <span class='ocrx_word' id='word_1_375' title='bbox 1011 3856 1089 3905; x_wconf 85' lang='lat' dir='ltr'><strong>supra</strong></span> <span class='ocrx_word' id='word_1_376' title='bbox 1099 3848 1154 3893; x_wconf 80' lang='grc'><strong>186.</strong></span> 
     </span>
     <span class='ocr_line' id='line_1_42' title="bbox 183 3903 1284 3984; baseline 0.015 -30"><span class='ocrx_word' id='word_1_377' title='bbox 183 3903 191 3929; x_wconf 88' lang='lat'>‘</span> <span class='ocrx_word' id='word_1_378' title='bbox 203 3905 301 3954; x_wconf 81' lang='lat' dir='ltr'><strong>Oscula</strong></span> <span class='ocrx_word' id='word_1_379' title='bbox 313 3907 404 3955; x_wconf 81' lang='lat' dir='ltr'><strong>libavit</strong></span> <span class='ocrx_word' id='word_1_380' title='bbox 416 3909 499 3958; x_wconf 63' lang='lat' dir='ltr'><strong>uate!</strong></span> <span class='ocrx_word' id='word_1_381' title='bbox 522 3910 642 3972; x_wconf 73' lang='lat' dir='ltr'><strong>Delium,</strong></span> <span class='ocrx_word' id='word_1_382' title='bbox 653 3912 713 3960; x_wconf 79' lang='lat' dir='ltr'><strong>levi·</strong></span> <span class='ocrx_word' id='word_1_383' title='bbox 783 3918 832 3963; x_wconf 88' lang='grc'><strong>440</strong></span> <span class='ocrx_word' id='word_1_384' title='bbox 844 3918 979 3965; x_wconf 71' lang='lat' dir='ltr'><strong>Avunculus</strong></span> <span class='ocrx_word' id='word_1_385' title='bbox 988 3917 1090 3979; x_wconf 84' lang='lat' dir='ltr'><strong>Hector]</strong></span> <span class='ocrx_word' id='word_1_386' title='bbox 1102 3920 1284 3984; x_wconf 71' lang='lat' dir='ltr'><strong>ercomenon,</strong></span> 
     </span>
    </p>
   </div>
   <div class='ocr_carea' id='block_1_9' title="bbox 185 3982 1284 4188">
    <p class='ocr_par' dir='ltr' id='par_1_20' title="bbox 185 3982 1284 4188">
     <span class='ocr_line' id='line_1_43' title="bbox 185 3982 1284 4055; baseline 0.02 -31"><span class='ocrx_word' id='word_1_387' title='bbox 185 3982 226 4025; x_wconf 87' lang='lat' dir='ltr'><strong>ter</strong></span> <span class='ocrx_word' id='word_1_388' title='bbox 238 3988 352 4042; x_wconf 78' lang='lat' dir='ltr'><strong>tangens,</strong></span> <span class='ocrx_word' id='word_1_389' title='bbox 364 3983 421 4030; x_wconf 81' lang='lat' dir='ltr'><strong>lEn.</strong></span> <span class='ocrx_word' id='word_1_390' title='bbox 434 3997 453 4031; x_wconf 93' lang='lat'><strong>1.</strong></span> <span class='ocrx_word' id='word_1_391' title='bbox 466 3988 522 4032; x_wconf 86' lang='grc'><strong>746.</strong></span> <span class='ocrx_word' id='word_1_392' title='bbox 751 3988 857 4040; x_wconf 79' lang='lat' dir='ltr'><strong>Ascanii</strong></span> <span class='ocrx_word' id='word_1_393' title='bbox 877 4000 968 4055; x_wconf 80' lang='lat' dir='ltr'><strong>mater,</strong></span> <span class='ocrx_word' id='word_1_394' title='bbox 988 4008 1060 4043; x_wconf 90' lang='lat' dir='ltr'><strong>soror</strong></span> <span class='ocrx_word' id='word_1_395' title='bbox 1077 4003 1135 4046; x_wconf 77' lang='lat' dir='ltr'><strong>erat</strong></span> <span class='ocrx_word' id='word_1_396' title='bbox 1152 3997 1284 4055; x_wconf 82' lang='lat' dir='ltr'><strong>Hectoris,</strong></span> 
     </span>
     <span class='ocr_line' id='line_1_44' title="bbox 215 4058 1114 4133; baseline 0.022 -32"><span class='ocrx_word' id='word_1_397' title='bbox 215 4058 263 4102; x_wconf 83' lang='grc'><strong>436</strong></span> <span class='ocrx_word' id='word_1_398' title='bbox 282 4058 412 4105; x_wconf 76' lang='lat' dir='ltr'><strong>Fortunam</strong></span> <span class='ocrx_word' id='word_1_399' title='bbox 428 4075 458 4106; x_wconf 78' lang='lat' dir='ltr'><strong>ex</strong></span> <span class='ocrx_word' id='word_1_400' title='bbox 474 4060 538 4121; x_wconf 76' lang='lat' dir='ltr'><strong>aliis]</strong></span> <span class='ocrx_word' id='word_1_401' title='bbox 554 4061 629 4111; x_wconf 87' lang='lat' dir='ltr'><strong>Licet</strong></span> <span class='ocrx_word' id='word_1_402' title='bbox 643 4063 710 4111; x_wconf 82' lang='lat' dir='ltr'><strong>enlm</strong></span> <span class='ocrx_word' id='word_1_403' title='bbox 752 4065 849 4117; x_wconf 68' lang='lat' dir='ltr'><strong>Priami</strong></span> <span class='ocrx_word' id='word_1_404' title='bbox 863 4068 924 4133; x_wconf 79' lang='lat' dir='ltr'><strong>filla,</strong></span> <span class='ocrx_word' id='word_1_405' title='bbox 939 4073 998 4122; x_wconf 82' lang='lat' dir='ltr'><strong>AEn.</strong></span> <span class='ocrx_word' id='word_1_406' title='bbox 1011 4083 1043 4120; x_wconf 92' lang='grc'><strong>11.</strong></span> <span class='ocrx_word' id='word_1_407' title='bbox 1056 4074 1114 4121; x_wconf 72' lang='grc'><strong>772.</strong></span> 
     </span>
     <span class='ocr_line' id='line_1_45' title="bbox 185 4130 710 4188; baseline 0.017 -11"><span class='ocrx_word' id='word_1_408' title='bbox 185 4130 233 4178; x_wconf 81' lang='lat' dir='ltr'><strong>lsoc</strong></span> <span class='ocrx_word' id='word_1_409' title='bbox 244 4130 337 4179; x_wconf 77' lang='lat' dir='ltr'><strong>Latino</strong></span> <span class='ocrx_word' id='word_1_410' title='bbox 350 4132 416 4181; x_wconf 86' lang='lat' dir='ltr'><strong>bello</strong></span> <span class='ocrx_word' id='word_1_411' title='bbox 427 4133 490 4182; x_wconf 83' lang='lat' dir='ltr'><strong>felix</strong></span> <span class='ocrx_word' id='word_1_412' title='bbox 500 4135 593 4184; x_wconf 80' lang='lat' dir='ltr'><strong>AEuess</strong></span> <span class='ocrx_word' id='word_1_413' title='bbox 604 4134 710 4188; x_wconf 81' lang='lat' dir='ltr'><strong>fuisset:</strong></span> 
     </span>
    </p>
   </div>
   <div class='ocr_carea' id='block_1_10' title="bbox 0 0 1372 4686">
    <p class='ocr_par' dir='ltr' id='par_1_21' title="bbox 0 0 1372 4686">
     <span class='ocr_line' id='line_1_46' title="bbox 0 0 1372 4686; baseline 0 0"><span class='ocrx_word' id='word_1_414' title='bbox 0 0 1372 4686; x_wconf 95' lang='lat' dir='ltr'><strong> </strong></span> 
     </span>
    </p>
   </div>
  </div>
 </body>
</html>
