2730 4686
190 267 291 367 1442,
678 286 805 339 (merx

193 425 336 498 Pondere
349 423 399 491 vel
412 424 519 491 culicis
534 424 631 492 lenior
634 427 791 516 famaque
794 430 932 518 feretur.

192 528 365 614 Posterius
381 531 530 596 eraviore
545 549 628 596 sono
643 533 703 595 tibi
719 531 821 596 Musa
834 534 985 618 loquetur
1054 566 1056 571 ⁴

191 629 332 707 Nostra,
347 631 473 695 dabunt
487 651 562 695 cum
577 652 713 698 securos
726 635 806 698 mihi
821 641 969 720 tempora
983 645 1099 721 portus

192 729 241 795 Ut
254 733 313 794 tibi
328 730 424 810 digna
439 737 496 796 tuo
510 733 676 815 poliantur
690 736 838 798 carmina
852 755 963 803 sensu.

237 828 368 895 Latona
382 832 548 917 magnique
560 831 650 897 Jovis
662 856 768 920 genus,
783 857 878 899 aurea
890 837 1005 921 proles,

192 930 329 997 Plabus
343 934 399 997 erit
416 934 512 996 nostri
522 934 665 1021 princepe
679 948 707 1001 et
723 939 869 1003 carminis
884 950 993 1005 auctor

191 1034 238 1100 Et
254 1036 405 1100 recinente
420 1035 490 1121 lyra
495 1032 633 1121 santam·
654 1059 707 1101 seu
722 1038 834 1103 detinet
850 1037 940 1104 illurn

190 1137 286 1202 Alma
306 1136 472 1199 Climereo
490 1135 635 1201 Xanthus
647 1137 775 1226 perfusa
792 1138 922 1225 liquore,

191 1235 253 1302 Seu
268 1260 371 1301 nemus
388 1238 532 1317 Asterie,
547 1260 597 1301 eeu
614 1261 675 1324 qua
694 1238 865 1305 Parnassia
881 1264 969 1328 rupee

191 1337 279 1403 Hinc
295 1348 387 1422 atque
403 1338 474 1402 ltine
487 1343 598 1424 patula
610 1341 788 1426 praepandit
804 1342 1052 1431 cornuofronte,
1109 1419 1114 1426 ,

192 1440 395 1526 Castalieqne
409 1463 519 1503 sonam
534 1439 652 1526 liquido
662 1440 741 1525 pede
755 1442 873 1507 labitur
887 1443 985 1510 unda.

238 1539 268 1604 V
266 1566 297 1604 os
311 1564 430 1628 quoque
447 1540 549 1604 Pierii
565 1540 667 1606 laticis
683 1540 782 1623 decus,
797 1545 851 1622 ite,
866 1567 981 1610 sorores

191 1643 341 1721 Neleius,
356 1644 509 1707 celebrare
526 1640 628 1707 Deum
640 1642 810 1728 plaudente
825 1643 943 1709 eborea.

234 1745 280 1808 Et
296 1757 341 1826 tn,
357 1755 464 1809 sancta
482 1742 587 1823 Pales,
603 1743 751 1830 adquam
766 1756 896 1810 ventura
910 1747 1042 1812 recurrit

190 1846 487 1934 Agrestumsatnra
497 1870 507 1919 ;
530 1845 589 1908 tibi
604 1845 643 1908 sit
660 1848 889 1912 cernennentes

189 1949 302 2016 Airios
316 1971 472 2013 nemorum
488 1959 604 2011 tractus
618 1947 780 2034 sylvasque
788 1980 800 2025 ,·
823 1949 963 2030 virentes,

192 2049 236 2114 Te
250 2051 385 2129 cultrice,
401 2074 498 2136 uagus
513 2049 711 2135 saltusferor
724 2050 805 2113 inter
819 2060 848 2114 et
864 2061 968 2115 antra.

232 2155 280 2218 At
292 2161 338 2230 tu,
356 2157 410 2218 cui
424 2156 549 2217 meritis
564 2156 666 2216 oritur
680 2153 805 2216 fiducia
820 2154 953 2231 chartis,

189 2255 313 2320 Octavi
328 2253 524 2331 venerande,
537 2255 621 2317 meis
636 2255 781 2318 allabere
796 2257 931 2338 coeptis

187 2356 297 2421 Triste
310 2357 410 2421 lovis
425 2355 566 2437 Coeique
581 2356 670 2418 canit
681 2374 746 2417 non
760 2356 885 2438 pagina
898 2357 1032 2434 bellum,

187 2457 332 2540 Phlegra
346 2457 511 2539 Giganteo
526 2473 647 2539 sparsa
660 2461 713 2519 est
728 2474 794 2538 quo
809 2457 1097 2538 sanguinolentum

189 2557 264 2625 Nec
280 2558 481 2623 Centaureos
496 2557 662 2640 Lapithas
677 2555 849 2638 compellit
862 2557 898 2620 in
911 2575 1022 2621 enses.

99 2709 108 2730 Ι
188 2660 266 2725 Urit
282 2661 514 2726 Erichthonius
528 2658 647 2723 Oriens
661 2678 726 2721 non
741 2659 875 2739 ignibus
890 2676 1001 2738 arces3

188 2762 270 2830 Non
285 2764 455 2845 perfossus
470 2760 592 2839 Athosr‚
606 2781 668 2825 neo
688 2779 810 2842 magno
824 2761 960 2824 vincula
973 2765 1077 2843 ponto

187 2863 210 2930 J
213 2872 301 2940 ncta,
317 2885 391 2928 meo
406 2870 553 2946 quaerent
563 2865 636 2946 jam
652 2882 726 2927 sera
740 2862 908 2926 volumine
923 2860 1063 2943 semam3

185 2964 265 3032 Non
282 2966 522 3047 Hellespontus
535 2966 680 3048 pedibus
695 2965 846 3047 pulsatus
859 2982 1033 3045 equorum,

187 3065 313 3130 Gracia
330 3089 398 3128 cum
414 3066 517 3128 timuit
532 3066 682 3129 venientes
697 3062 830 3151 undique
847 3063 978 3140 Persas5

186 3166 308 3233 Mollia
321 3167 381 3231 sed
396 3169 484 3230 tenui
497 3188 685 3249 percurrere
700 3170 847 3233 carmina
862 3187 972 3244 versu,
986 3172 1022 3232 et

185 3254 324 3332 Viribus
338 3276 418 3351 apte
431 3270 501 3332 suis
516 3268 648 3333 Phoebo
662 3269 747 3334 duce
759 3267 871 3334 ludere
884 3268 1017 3350 gaudet.

186 3403 191 3410 ·
231 3366 276 3431 Et
292 3381 337 3448 tu,
352 3380 455 3432 sarrcte
468 3391 557 3452 puer,
572 3369 797 3439 memorabem
820 3370 863 3432 sic
879 3369 938 3433 tibi
948 3378 1064 3455 perstet

187 3467 301 3535 Gloria
315 3483 496 3556 perpetuum
510 3471 587 3535 lucis
601 3472 725 3537 uictura
735 3494 794 3558 per
808 3493 904 3538 auum
912 3496 923 3547 ,·

186 3568 231 3640 Et
248 3574 307 3637 tibi
322 3575 388 3639 sede
399 3575 456 3660 pia
472 3585 594 3638 moereat
612 3572 704 3651 locus,
720 3586 749 3638 et
763 3575 823 3640 tibi
838 3597 934 3660 sospes

186 3671 307 3742 Debita
314 3677 428 3762 felices
440 3687 623 3742 memoretur
637 3676 704 3739 nita
714 3696 883 3761 perannat

186 3774 306 3858 Grata,
321 3780 406 3845 bonis
422 3780 535 3846 lucens.
581 3776 643 3844 Sed
656 3799 710 3841 rros
723 3775 767 3840 ad
780 3773 1044 3863 coeptaferamur.
1248 3779 1292 3844 40

682 3957 788 4010 Nom

216 4095 241 4128 v.
254 4086 294 4130 18.
312 4083 389 4133 Nove
407 4082 582 4148 interpolatio.
615 4082 715 4133 Iterum
788 4079 927 4144 Interjecti
939 4078 972 4128 nb
982 4078 1033 4128 elic
1043 4092 1119 4127 monn
1128 4091 1155 4127 v.
1165 4080 1206 4128 88.
1216 4082 1249 4128 36
1258 4076 1290 4127 nil

183 4156 225 4203 eo.
756 4157 1137 4218 tt‚etv.us.ss.m.tt.to.
1282 4163 1284 4166 ’
