2730 4686
653 324 742 391 iota

146 488 220 572 ipsa
245 493 392 566 exercet,
420 485 599 571 intelligere
622 503 759 551 necesse
783 491 844 565 est,
871 485 932 551 sed
959 488 1152 571 simpliciter
1175 507 1247 555 mn-

146 589 268 666 lierem,
295 608 372 673 quae
394 590 429 658 in
454 606 609 673 caupona
633 589 687 652 vel
709 590 848 652 taberna
871 594 975 652 artem
994 595 1134 656 exercet.
1188 591 1249 657 Est

146 692 233 754 enim
248 692 281 755 h.
296 692 319 755 l.
337 691 545 768 crotalistria,
560 691 593 755 h.
607 710 637 754 e.
664 691 818 754 saltatrix
839 709 916 753 cum
940 692 1086 768 crotalis,
1109 712 1128 755 c
1152 700 1249 775 gente

146 788 318 878 Syrorum
343 794 438 876 cujus
460 793 588 876 generis
606 791 767 869 foeuunae,
780 792 940 870 tibicinae,
960 792 1171 859 citharistrias
1194 795 1249 860 vel

145 888 299 971 fidicina,
316 895 351 957 in
372 895 426 958 his
449 895 594 957 tabernis
613 894 726 956 haberi
749 893 909 958 solebant.
955 893 1056 958 Notae
1078 895 1145 959 illae
1168 893 1248 959 Am-

146 992 330 1058 bubaiarum
345 998 476 1062 nomine
495 1005 570 1061 sunt
584 1016 629 1060 ex
644 996 787 1060 Horatio
802 1003 834 1060 et
855 997 1024 1061 Suetonio.
1070 996 1145 1061 Nec
1166 1017 1247 1064 vero

144 1115 220 1160 cum
250 1097 420 1180 Scaligero
449 1097 491 1160 de
519 1098 630 1162 retina
655 1098 878 1179 cogitandum,
907 1099 987 1181 quia
1014 1100 1146 1163 mitrata
1171 1120 1247 1166 esse
1345 1130 1348 1135 ·

143 1204 290 1262 narratur
311 1219 344 1264 v.
372 1201 404 1277 1,
441 1220 526 1264 cum,
549 1201 649 1266 etiam
679 1201 809 1283 puellas
839 1207 874 1265 et
902 1201 1101 1284 juvenculas
1136 1203 1245 1282 mitra,

145 1318 206 1362 scu
238 1300 347 1365 fascia
383 1321 423 1364 ac
464 1300 662 1380 diademate,
700 1301 969 1385 comprehensam
997 1309 1031 1367 et
1065 1303 1248 1368 involutam

145 1421 276 1467 comam
289 1404 445 1467 habuisse
460 1404 545 1466 satis
560 1408 699 1468 constet.
860 1477 862 1480 .
1044 1478 1046 1483 ,

188 1501 329 1568 Carmen
350 1506 413 1569 hoc
435 1503 580 1585 Virgilio
600 1504 699 1586 vulgo
717 1504 863 1569 tribuunt
880 1503 1028 1584 codices,
1043 1507 1101 1589 qui
1122 1499 1271 1572 minora

143 1602 313 1686 poematia
334 1608 511 1682 continent,
536 1607 635 1668 etiam
662 1604 907 1670 Grammaticus
928 1607 969 1685 is,
990 1610 1048 1690 qui
1073 1608 1190 1673 Servio
1213 1610 1248 1674 in

143 1707 247 1772 fronte
269 1709 422 1772 AEncidis
449 1727 528 1771 suos
557 1708 699 1772 attexuit
718 1725 862 1790 pannos,
885 1713 956 1773 tum
977 1711 1106 1791 gravior
1129 1713 1247 1777 ceteris

143 1815 257 1873 auctor
271 1809 445 1892 Sosipater
460 1807 608 1872 Carisius
624 1826 637 1871 1
653 1807 761 1873 instit.
777 1803 925 1874 Gramm.
941 1829 1022 1893 pag.
1036 1811 1079 1875 47
1094 1808 1246 1891 Putsch„

143 1910 218 1974 ubi:
242 1932 331 1994 capo,
343 1910 480 1995 cleponis,
494 1911 613 1994 inquit,
628 1907 1083 1996 utsullo,sullonis,·qanmvis
1094 1908 1248 1998 Virgilius

145 2006 260 2072 librum
283 2032 370 2074 suum
399 2008 520 2095 Cupum
549 2009 751 2094 inscripserit.
810 2012 936 2078 Vereor
962 2020 1085 2092 minen,
1112 2033 1155 2078 ne
1180 2012 1247 2080 lm

144 2112 253 2195 ipsum
283 2115 414 2178 serioris
443 2113 686 2197 interpolatoris
717 2114 883 2197 judicium
911 2117 966 2194 sit,
995 2135 1020 2180 a
1044 2136 1082 2180 re
1106 2122 1143 2181 et
1167 2115 1247 2182 loeo
1345 2167 1354 2181 .

144 2216 226 2279 satis
250 2216 401 2281 alienum.
445 2214 612 2279 Prisciani
640 2215 684 2278 ab
712 2216 788 2280 aliis
817 2217 1046 2282 auctoritatem
1071 2206 1247 2303 perperam

142 2315 279 2395 laudari,
310 2319 519 2382 Burmannus
553 2316 670 2381 docuit
696 2316 736 2380 l.·
762 2337 792 2381 c.
852 2316 971 2401 Nuper
1010 2317 1148 2384 doctiss.
1181 2321 1246 2401 vir,

144 2416 352 2498 Wernsdori,
366 2421 431 2485 hoc
444 2421 555 2504 ipsum
569 2438 702 2483 carmen
715 2420 847 2502 repetiit
862 2420 898 2482 in
910 2417 1010 2483 Post.
1024 2422 1143 2485 minor.
1157 2418 1201 2488 Τ.
1216 2439 1244 2489 ιι

143 2517 187 2582 ad
201 2521 328 2586 calcem
344 2517 488 2605 Septimii
500 2516 609 2582 Sereni
621 2518 888 2601 fragmentormn,
904 2540 1003 2604 quem
1024 2520 1122 2604 hujus
1137 2522 1246 2607 ipsius

143 2624 296 2690 carminis
316 2629 485 2688 auctorem
504 2640 578 2686 esse
599 2621 705 2686 malit.
750 2619 882 2687 Adeunt
900 2643 987 2700 eum,
1002 2624 1060 2706 qui
1084 2625 1182 2708 plura
1202 2616 1247 2691 ed

136 2719 339 2805 'fflmtranda
350 2725 454 2791 verba
467 2724 623 2790 carminis
636 2723 833 2795 desiderant.

186 2827 339 2893 Ceterum
359 2827 444 2912 elegi
460 2829 495 2893 bi
516 2847 584 2891 non
601 2828 702 2892 modo
716 2828 876 2893 orationis
891 2826 1054 2893 Romanae
1070 2830 1247 2912 elegantia,

142 2931 201 2996 md
214 2932 314 2996 etiam
327 2935 399 2997 toto
413 2931 571 2996 carminis
591 2929 707 2994 habitu
730 2930 895 3014 cultuque,
911 2948 979 2994 uon
992 2929 1146 3016 vulgares
1168 2926 1246 3021 sunl

141 3051 204 3098 nec
218 3031 448 3098 contemnendi
461 3031 574 3118 politae
587 3032 693 3098 lusus.
738 3031 812 3098 Etsi
829 3034 927 3110 enim,
942 3036 1067 3120 majore
1080 3054 1125 3099 ex
1138 3018 1245 3118 purte,

142 3155 257 3200 aarum
271 3155 483 3221 rerumquae
506 3136 549 3200 ad
570 3135 773 3201 hilaritatem
792 3137 933 3201 invitare
947 3142 1100 3221 possunt,
1115 3155 1246 3220 ennne·

135 3239 266 3303 'ratione
282 3238 516 3330 absolvuntur;
538 3259 592 3304 res
606 3245 714 3305 tamon
729 3245 805 3304 sunt
813 3239 972 3324 jucundae
988 3245 1021 3306 et
1025 3224 1080 3305 ad
1101 3238 1245 3336 animuin

63 3389 66 3394 .
142 3359 340 3423 sensrrmque
354 3348 469 3424 grata.
507 3290 707 3408 auunculi
720 3348 830 3408 auam
844 3343 897 3408 die
912 3343 1095 3410 nmmum
1109 3330 1245 3481 comper

142 3443 298 3508 tationem
313 3444 462 3528 cogitare
473 3463 608 3508 necesse
619 3450 682 3508 est.
697 3445 740 3510 ct'.
755 3464 789 3510 v.
805 3445 858 3510 11.
