<?xml version="1.0" encoding="UTF-8"?>
<!DOCTYPE html PUBLIC "-//W3C//DTD XHTML 1.0 Transitional//EN"
    "http://www.w3.org/TR/xhtml1/DTD/xhtml1-transitional.dtd">
<html xmlns="http://www.w3.org/1999/xhtml" xml:lang="en" lang="en">
 <head>
  <title>
</title>
<meta http-equiv="Content-Type" content="text/html;charset=utf-8" />
  <meta name='ocr-system' content='tesseract 3.04.00' />
  <meta name='ocr-capabilities' content='ocr_page ocr_carea ocr_par ocr_line ocrx_word'/>
</head>
<body>
  <div class='ocr_page' id='page_1' title='image "./pvirgiliimaroni07virggoog/pvirgiliimaroni07virggoog_0179.png"; bbox 0 0 2730 4686; ppageno 0'>
   <div class='ocr_carea' id='block_1_1' title="bbox 662 263 760 336">
    <p class='ocr_par' dir='ltr' id='par_1_1' title="bbox 662 263 760 336">
     <span class='ocr_line' id='line_1_1' title="bbox 662 263 760 336; baseline -0.102 0"><span class='ocrx_word' id='word_1_1' title='bbox 662 263 760 336; x_wconf 75' lang='grc'><strong>1390,</strong></span> 
     </span>
    </p>
   </div>
   <div class='ocr_carea' id='block_1_2' title="bbox 61 424 1261 4162">
    <p class='ocr_par' dir='ltr' id='par_1_2' title="bbox 151 424 1261 1224">
     <span class='ocr_line' id='line_1_2' title="bbox 153 424 1259 517; baseline -0.004 -16"><span class='ocrx_word' id='word_1_2' title='bbox 153 433 345 511; x_wconf 83' lang='lat' dir='ltr'><strong>luminibus,</strong></span> <span class='ocrx_word' id='word_1_3' title='bbox 361 432 440 498; x_wconf 86' lang='lat' dir='ltr'><strong>oum</strong></span> <span class='ocrx_word' id='word_1_4' title='bbox 458 427 493 497; x_wconf 91' lang='lat' dir='ltr'><strong>iu</strong></span> <span class='ocrx_word' id='word_1_5' title='bbox 515 430 796 517; x_wconf 70' lang='lat' dir='ltr'><strong>interpretationis</strong></span> <span class='ocrx_word' id='word_1_6' title='bbox 818 428 1000 498; x_wconf 68' lang='lat' dir='ltr'><strong>subtilitate</strong></span> <span class='ocrx_word' id='word_1_7' title='bbox 1022 425 1132 516; x_wconf 82' lang='lat' dir='ltr'><strong>major</strong></span> <span class='ocrx_word' id='word_1_8' title='bbox 1157 424 1259 498; x_wconf 85' lang='lat' dir='ltr'><strong>studii</strong></span> 
     </span>
     <span class='ocr_line' id='line_1_3' title="bbox 153 532 1261 619; baseline -0.004 -17"><span class='ocrx_word' id='word_1_9' title='bbox 153 537 259 602; x_wconf 72' lang='lat' dir='ltr'><strong>moui</strong></span> <span class='ocrx_word' id='word_1_10' title='bbox 280 552 357 619; x_wconf 86' lang='lat' dir='ltr'><strong>pars</strong></span> <span class='ocrx_word' id='word_1_11' title='bbox 371 538 566 598; x_wconf 84' lang='lat' dir='ltr'><strong>versaretur.</strong></span> <span class='ocrx_word' id='word_1_12' title='bbox 611 532 712 597; x_wconf 91' lang='lat' dir='ltr'><strong>Nunc</strong></span> <span class='ocrx_word' id='word_1_13' title='bbox 735 534 824 599; x_wconf 88' lang='lat' dir='ltr'><strong>enim</strong></span> <span class='ocrx_word' id='word_1_14' title='bbox 843 539 956 597; x_wconf 86' lang='lat' dir='ltr'><strong>nostra</strong></span> <span class='ocrx_word' id='word_1_15' title='bbox 976 552 1078 617; x_wconf 87' lang='lat' dir='ltr'><strong>opera</strong></span> <span class='ocrx_word' id='word_1_16' title='bbox 1099 533 1167 598; x_wconf 83' lang='lat' dir='ltr'><strong>iere</strong></span> <span class='ocrx_word' id='word_1_17' title='bbox 1189 541 1261 599; x_wconf 83' lang='lat' dir='ltr'><strong>tota</strong></span> 
     </span>
     <span class='ocr_line' id='line_1_4' title="bbox 154 635 1257 719; baseline -0.003 -17"><span class='ocrx_word' id='word_1_18' title='bbox 154 635 200 702; x_wconf 83' lang='lat' dir='ltr'><strong>ad</strong></span> <span class='ocrx_word' id='word_1_19' title='bbox 223 637 358 702; x_wconf 86' lang='lat' dir='ltr'><strong>critices</strong></span> <span class='ocrx_word' id='word_1_20' title='bbox 384 635 697 714; x_wconf 87' lang='lat' dir='ltr'><strong>animadversiones,</strong></span> <span class='ocrx_word' id='word_1_21' title='bbox 722 635 965 719; x_wconf 86' lang='lat' dir='ltr'><strong>lectionemque</strong></span> <span class='ocrx_word' id='word_1_22' title='bbox 991 635 1257 700; x_wconf 78' lang='lat' dir='ltr'><strong>constituendam</strong></span> 
     </span>
     <span class='ocr_line' id='line_1_5' title="bbox 152 735 1260 821; baseline -0.001 -18"><span class='ocrx_word' id='word_1_23' title='bbox 152 737 208 803; x_wconf 78' lang='lat' dir='ltr'><strong>vel</strong></span> <span class='ocrx_word' id='word_1_24' title='bbox 219 738 470 815; x_wconf 89' lang='lat' dir='ltr'><strong>emendandam,</strong></span> <span class='ocrx_word' id='word_1_25' title='bbox 485 735 708 802; x_wconf 86' lang='lat' dir='ltr'><strong>transferenda</strong></span> <span class='ocrx_word' id='word_1_26' title='bbox 721 742 803 802; x_wconf 87' lang='lat' dir='ltr'><strong>erat.</strong></span> <span class='ocrx_word' id='word_1_27' title='bbox 843 735 1060 821; x_wconf 85' lang='lat' dir='ltr'><strong>Propositum</strong></span> <span class='ocrx_word' id='word_1_28' title='bbox 1074 737 1188 821; x_wconf 85' lang='lat' dir='ltr'><strong>itaque</strong></span> <span class='ocrx_word' id='word_1_29' title='bbox 1202 757 1260 802; x_wconf 85' lang='lat' dir='ltr'><strong>ve·</strong></span> 
     </span>
     <span class='ocr_line' id='line_1_6' title="bbox 152 836 1259 921; baseline 0 -19"><span class='ocrx_word' id='word_1_30' title='bbox 152 837 212 902; x_wconf 83' lang='lat' dir='ltr'><strong>lim</strong></span> <span class='ocrx_word' id='word_1_31' title='bbox 227 839 293 902; x_wconf 92' lang='lat' dir='ltr'><strong>boc</strong></span> <span class='ocrx_word' id='word_1_32' title='bbox 307 839 460 903; x_wconf 85' lang='lat' dir='ltr'><strong>volumen</strong></span> <span class='ocrx_word' id='word_1_33' title='bbox 481 836 757 917; x_wconf 81' lang='lat' dir='ltr'><strong>adolescentibus,</strong></span> <span class='ocrx_word' id='word_1_34' title='bbox 772 838 831 921; x_wconf 88' lang='lat' dir='ltr'><strong>qui</strong></span> <span class='ocrx_word' id='word_1_35' title='bbox 853 839 889 901; x_wconf 88' lang='lat' dir='ltr'><strong>in</strong></span> <span class='ocrx_word' id='word_1_36' title='bbox 907 838 1023 901; x_wconf 84' lang='lat' dir='ltr'><strong>critico</strong></span> <span class='ocrx_word' id='word_1_37' title='bbox 1038 836 1150 902; x_wconf 87' lang='lat' dir='ltr'><strong>studio</strong></span> <span class='ocrx_word' id='word_1_38' title='bbox 1164 856 1259 902; x_wconf 82' lang='lat' dir='ltr'><strong>exer-</strong></span> 
     </span>
     <span class='ocr_line' id='line_1_7' title="bbox 153 939 1259 1023; baseline -0.003 -17"><span class='ocrx_word' id='word_1_39' title='bbox 153 957 227 1006; x_wconf 75' lang='lat' dir='ltr'><strong>cue</strong></span> <span class='ocrx_word' id='word_1_40' title='bbox 248 940 382 1023; x_wconf 85' lang='lat' dir='ltr'><strong>ingenie</strong></span> <span class='ocrx_word' id='word_1_41' title='bbox 397 939 524 1016; x_wconf 88' lang='lat' dir='ltr'><strong>volunt,</strong></span> <span class='ocrx_word' id='word_1_42' title='bbox 538 946 700 1023; x_wconf 83' lang='lat' dir='ltr'><strong>tanquam</strong></span> <span class='ocrx_word' id='word_1_43' title='bbox 722 958 889 1022; x_wconf 87' lang='lat' dir='ltr'><strong>campum,</strong></span> <span class='ocrx_word' id='word_1_44' title='bbox 903 940 938 1003; x_wconf 91' lang='lat' dir='ltr'><strong>iu</strong></span> <span class='ocrx_word' id='word_1_45' title='bbox 951 957 1019 1023; x_wconf 90' lang='lat' dir='ltr'><strong>quo</strong></span> <span class='ocrx_word' id='word_1_46' title='bbox 1042 940 1137 1004; x_wconf 90' lang='lat' dir='ltr'><strong>lusus</strong></span> <span class='ocrx_word' id='word_1_47' title='bbox 1158 940 1259 1023; x_wconf 87' lang='lat' dir='ltr'><strong>bujus</strong></span> 
     </span>
     <span class='ocr_line' id='line_1_8' title="bbox 151 1039 1260 1125; baseline -0.002 -18"><span class='ocrx_word' id='word_1_48' title='bbox 151 1042 283 1125; x_wconf 80' lang='lat' dir='ltr'><strong>ingenui</strong></span> <span class='ocrx_word' id='word_1_49' title='bbox 298 1040 481 1124; x_wconf 86' lang='lat' dir='ltr'><strong>periculum</strong></span> <span class='ocrx_word' id='word_1_50' title='bbox 495 1039 634 1125; x_wconf 86' lang='lat' dir='ltr'><strong>aliquod</strong></span> <span class='ocrx_word' id='word_1_51' title='bbox 658 1040 794 1119; x_wconf 83' lang='lat' dir='ltr'><strong>faciant,</strong></span> <span class='ocrx_word' id='word_1_52' title='bbox 815 1048 874 1105; x_wconf 89' lang='lat' dir='ltr'><strong>aut</strong></span> <span class='ocrx_word' id='word_1_53' title='bbox 897 1047 1029 1123; x_wconf 86' lang='lat' dir='ltr'><strong>gustum</strong></span> <span class='ocrx_word' id='word_1_54' title='bbox 1050 1040 1170 1104; x_wconf 84' lang='lat' dir='ltr'><strong>saltem</strong></span> <span class='ocrx_word' id='word_1_55' title='bbox 1192 1040 1260 1105; x_wconf 87' lang='lat' dir='ltr'><strong>sibi</strong></span> 
     </span>
     <span class='ocr_line' id='line_1_9' title="bbox 152 1145 355 1224; baseline -0.01 -17"><span class='ocrx_word' id='word_1_56' title='bbox 152 1145 355 1224; x_wconf 88' lang='lat' dir='ltr'><strong>comparent.</strong></span> 
     </span>
    </p>

    <p class='ocr_par' dir='ltr' id='par_1_3' title="bbox 61 1240 1259 4162">
     <span class='ocr_line' id='line_1_10' title="bbox 155 1240 1258 1327; baseline 0 -20"><span class='ocrx_word' id='word_1_57' title='bbox 155 1275 160 1292; x_wconf 79' lang='lat'>‹</span> <span class='ocrx_word' id='word_1_58' title='bbox 193 1240 361 1320; x_wconf 78' lang='lat' dir='ltr'><strong>Ceterum,</strong></span> <span class='ocrx_word' id='word_1_59' title='bbox 375 1247 551 1327; x_wconf 87' lang='lat' dir='ltr'><strong>antequam</strong></span> <span class='ocrx_word' id='word_1_60' title='bbox 563 1241 719 1307; x_wconf 88' lang='lat' dir='ltr'><strong>lectionis</strong></span> <span class='ocrx_word' id='word_1_61' title='bbox 742 1243 903 1324; x_wconf 85' lang='lat' dir='ltr'><strong>originem</strong></span> <span class='ocrx_word' id='word_1_62' title='bbox 925 1247 959 1306; x_wconf 87' lang='lat' dir='ltr'><strong>et</strong></span> <span class='ocrx_word' id='word_1_63' title='bbox 980 1261 1192 1326; x_wconf 86' lang='lat' dir='ltr'><strong>progressum</strong></span> <span class='ocrx_word' id='word_1_64' title='bbox 1213 1242 1258 1307; x_wconf 89' lang='lat' dir='ltr'><strong>ad</strong></span> 
     </span>
     <span class='ocr_line' id='line_1_11' title="bbox 150 1341 1257 1428; baseline -0.001 -18"><span class='ocrx_word' id='word_1_65' title='bbox 150 1344 415 1410; x_wconf 64' lang='lat' dir='ltr'><strong>undationem</strong></span> <span class='ocrx_word' id='word_1_66' title='bbox 438 1341 521 1409; x_wconf 86' lang='lat' dir='ltr'><strong>satis</strong></span> <span class='ocrx_word' id='word_1_67' title='bbox 543 1349 698 1409; x_wconf 85' lang='lat' dir='ltr'><strong>accurate</strong></span> <span class='ocrx_word' id='word_1_68' title='bbox 720 1361 921 1428; x_wconf 81' lang='lat' dir='ltr'><strong>cognoscere</strong></span> <span class='ocrx_word' id='word_1_69' title='bbox 944 1342 1072 1420; x_wconf 89' lang='lat' dir='ltr'><strong>liceret,</strong></span> <span class='ocrx_word' id='word_1_70' title='bbox 1093 1343 1257 1409; x_wconf 86' lang='lat' dir='ltr'><strong>molestiae</strong></span> 
     </span>
     <span class='ocr_line' id='line_1_12' title="bbox 149 1443 1258 1528; baseline 0 -19"><span class='ocrx_word' id='word_1_71' title='bbox 149 1444 231 1509; x_wconf 85' lang='lat' dir='ltr'><strong>mibi</strong></span> <span class='ocrx_word' id='word_1_72' title='bbox 252 1445 287 1507; x_wconf 90' lang='lat' dir='ltr'><strong>iu</strong></span> <span class='ocrx_word' id='word_1_73' title='bbox 310 1443 375 1508; x_wconf 91' lang='lat' dir='ltr'><strong>boc</strong></span> <span class='ocrx_word' id='word_1_74' title='bbox 396 1448 430 1509; x_wconf 91' lang='lat' dir='ltr'><strong>et</strong></span> <span class='ocrx_word' id='word_1_75' title='bbox 449 1446 662 1528; x_wconf 74' lang='lat' dir='ltr'><strong>sequentibus</strong></span> <span class='ocrx_word' id='word_1_76' title='bbox 676 1445 877 1510; x_wconf 77' lang='lat' dir='ltr'><strong>carminibus</strong></span> <span class='ocrx_word' id='word_1_77' title='bbox 889 1444 1083 1509; x_wconf 76' lang='lat' dir='ltr'><strong>enenrendis</strong></span> <span class='ocrx_word' id='word_1_78' title='bbox 1096 1443 1258 1511; x_wconf 73' lang='lat' dir='ltr'><strong>devorem</strong></span> 
     </span>
     <span class='ocr_line' id='line_1_13' title="bbox 150 1543 1259 1628; baseline -0.002 -18"><span class='ocrx_word' id='word_1_79' title='bbox 150 1543 206 1610; x_wconf 78' lang='lat' dir='ltr'><strong>dae</strong></span> <span class='ocrx_word' id='word_1_80' title='bbox 222 1545 314 1610; x_wconf 84' lang='lat' dir='ltr'><strong>incre</strong></span> <span class='ocrx_word' id='word_1_81' title='bbox 336 1545 486 1628; x_wconf 74' lang='lat' dir='ltr'><strong>plurimae</strong></span> <span class='ocrx_word' id='word_1_82' title='bbox 501 1564 619 1627; x_wconf 82' lang='lat' dir='ltr'><strong>eaeque</strong></span> <span class='ocrx_word' id='word_1_83' title='bbox 631 1546 802 1610; x_wconf 76' lang='lat' dir='ltr'><strong>maximae.</strong></span> <span class='ocrx_word' id='word_1_84' title='bbox 847 1544 947 1609; x_wconf 91' lang='lat' dir='ltr'><strong>Nunc</strong></span> <span class='ocrx_word' id='word_1_85' title='bbox 961 1543 1141 1609; x_wconf 77' lang='lat' dir='ltr'><strong>satiemini</strong></span> <span class='ocrx_word' id='word_1_86' title='bbox 1154 1544 1259 1627; x_wconf 87' lang='lat' dir='ltr'><strong>liquet</strong></span> 
     </span>
     <span class='ocr_line' id='line_1_14' title="bbox 150 1643 1258 1729; baseline -0.002 -17"><span class='ocrx_word' id='word_1_87' title='bbox 150 1644 302 1712; x_wconf 75' lang='lat' dir='ltr'><strong>Culicem</strong></span> <span class='ocrx_word' id='word_1_88' title='bbox 317 1647 430 1709; x_wconf 87' lang='lat' dir='ltr'><strong>statim</strong></span> <span class='ocrx_word' id='word_1_89' title='bbox 452 1647 487 1710; x_wconf 88' lang='lat' dir='ltr'><strong>iu</strong></span> <span class='ocrx_word' id='word_1_90' title='bbox 501 1643 649 1710; x_wconf 89' lang='lat' dir='ltr'><strong>editione</strong></span> <span class='ocrx_word' id='word_1_91' title='bbox 670 1646 822 1729; x_wconf 83' lang='lat' dir='ltr'><strong>principe</strong></span> <span class='ocrx_word' id='word_1_92' title='bbox 835 1646 1017 1728; x_wconf 76' lang='lat' dir='ltr'><strong>vulgatum,</strong></span> <span class='ocrx_word' id='word_1_93' title='bbox 1033 1644 1110 1709; x_wconf 91' lang='lat' dir='ltr'><strong>inde</strong></span> <span class='ocrx_word' id='word_1_94' title='bbox 1124 1646 1161 1709; x_wconf 91' lang='lat' dir='ltr'><strong>in</strong></span> <span class='ocrx_word' id='word_1_95' title='bbox 1172 1645 1258 1710; x_wconf 90' lang='lat' dir='ltr'><strong>mul-</strong></span> 
     </span>
     <span class='ocr_line' id='line_1_15' title="bbox 148 1746 1258 1830; baseline -0.003 -16"><span class='ocrx_word' id='word_1_96' title='bbox 148 1746 195 1814; x_wconf 77' lang='lat' dir='ltr'><strong>tis</strong></span> <span class='ocrx_word' id='word_1_97' title='bbox 216 1748 293 1813; x_wconf 87' lang='lat' dir='ltr'><strong>aliis</strong></span> <span class='ocrx_word' id='word_1_98' title='bbox 308 1747 507 1811; x_wconf 91' lang='lat' dir='ltr'><strong>editionibus</strong></span> <span class='ocrx_word' id='word_1_99' title='bbox 528 1748 718 1830; x_wconf 85' lang='lat' dir='ltr'><strong>repetitum,</strong></span> <span class='ocrx_word' id='word_1_100' title='bbox 733 1750 794 1813; x_wconf 85' lang='lat' dir='ltr'><strong>vix</strong></span> <span class='ocrx_word' id='word_1_101' title='bbox 818 1753 926 1812; x_wconf 89' lang='lat' dir='ltr'><strong>tamen</strong></span> <span class='ocrx_word' id='word_1_102' title='bbox 952 1748 1102 1812; x_wconf 81' lang='lat' dir='ltr'><strong>criticam</strong></span> <span class='ocrx_word' id='word_1_103' title='bbox 1123 1766 1258 1811; x_wconf 85' lang='lat' dir='ltr'><strong>manum</strong></span> 
     </span>
     <span class='ocr_line' id='line_1_16' title="bbox 147 1846 1256 1934; baseline -0.002 -19"><span class='ocrx_word' id='word_1_104' title='bbox 147 1866 223 1916; x_wconf 79' lang='lat' dir='ltr'><strong>esee</strong></span> <span class='ocrx_word' id='word_1_105' title='bbox 234 1855 410 1934; x_wconf 79' lang='lat' dir='ltr'><strong>expertum</strong></span> <span class='ocrx_word' id='word_1_106' title='bbox 424 1854 501 1914; x_wconf 87' lang='lat' dir='ltr'><strong>ante</strong></span> <span class='ocrx_word' id='word_1_107' title='bbox 515 1848 557 1913; x_wconf 92' lang='lat' dir='ltr'><strong>P.</strong></span> <span class='ocrx_word' id='word_1_108' title='bbox 570 1850 748 1914; x_wconf 89' lang='lat' dir='ltr'><strong>Bembum.</strong></span> <span class='ocrx_word' id='word_1_109' title='bbox 771 1849 863 1913; x_wconf 90' lang='lat' dir='ltr'><strong>Nam</strong></span> <span class='ocrx_word' id='word_1_110' title='bbox 876 1849 911 1912; x_wconf 91' lang='lat' dir='ltr'><strong>iu</strong></span> <span class='ocrx_word' id='word_1_111' title='bbox 924 1847 1066 1916; x_wconf 88' lang='lat' dir='ltr'><strong>Domitii</strong></span> <span class='ocrx_word' id='word_1_112' title='bbox 1077 1846 1256 1926; x_wconf 82' lang='lat' dir='ltr'><strong>Caldorini,</strong></span> 
     </span>
     <span class='ocr_line' id='line_1_17' title="bbox 148 1948 1258 2035; baseline 0.003 -18"><span class='ocrx_word' id='word_1_113' title='bbox 148 1949 329 2035; x_wconf 87' lang='lat' dir='ltr'><strong>Pomponii</strong></span> <span class='ocrx_word' id='word_1_114' title='bbox 353 1950 481 2028; x_wconf 87' lang='lat' dir='ltr'><strong>Sabini,</strong></span> <span class='ocrx_word' id='word_1_115' title='bbox 507 1957 540 2014; x_wconf 91' lang='lat' dir='ltr'><strong>et</strong></span> <span class='ocrx_word' id='word_1_116' title='bbox 565 1950 666 2014; x_wconf 90' lang='lat' dir='ltr'><strong>Badii</strong></span> <span class='ocrx_word' id='word_1_117' title='bbox 688 1948 843 2015; x_wconf 81' lang='lat' dir='ltr'><strong>Asoeusii</strong></span> <span class='ocrx_word' id='word_1_118' title='bbox 866 1950 1113 2015; x_wconf 86' lang='lat' dir='ltr'><strong>commentariis</strong></span> <span class='ocrx_word' id='word_1_119' title='bbox 1135 1955 1258 2034; x_wconf 74' lang='lat' dir='ltr'><strong>preter</strong></span> 
     </span>
     <span class='ocr_line' id='line_1_18' title="bbox 61 2049 1256 2135; baseline 0 -21"><span class='ocrx_word' id='word_1_120' title='bbox 61 2076 64 2081; x_wconf 59' lang='grc'><em>“</em></span> <span class='ocrx_word' id='word_1_121' title='bbox 147 2052 316 2135; x_wconf 79' lang='lat' dir='ltr'><strong>vulgarem</strong></span> <span class='ocrx_word' id='word_1_122' title='bbox 330 2052 523 2116; x_wconf 85' lang='lat' dir='ltr'><strong>varietatem</strong></span> <span class='ocrx_word' id='word_1_123' title='bbox 545 2051 626 2115; x_wconf 89' lang='lat' dir='ltr'><strong>nihil</strong></span> <span class='ocrx_word' id='word_1_124' title='bbox 639 2052 795 2129; x_wconf 87' lang='lat' dir='ltr'><strong>occurrit,</strong></span> <span class='ocrx_word' id='word_1_125' title='bbox 810 2050 902 2134; x_wconf 91' lang='lat' dir='ltr'><strong>quod</strong></span> <span class='ocrx_word' id='word_1_126' title='bbox 924 2051 967 2114; x_wconf 87' lang='lat' dir='ltr'><strong>ad</strong></span> <span class='ocrx_word' id='word_1_127' title='bbox 990 2049 1256 2115; x_wconf 73' lang='lat' dir='ltr'><strong>emendationem</strong></span> 
     </span>
     <span class='ocr_line' id='line_1_19' title="bbox 146 2151 1254 2238; baseline -0.001 -20"><span class='ocrx_word' id='word_1_128' title='bbox 146 2152 385 2238; x_wconf 66' lang='lat' dir='ltr'><strong>putrefaciat.</strong></span> <span class='ocrx_word' id='word_1_129' title='bbox 410 2153 557 2216; x_wconf 89' lang='lat' dir='ltr'><strong>Bembus</strong></span> <span class='ocrx_word' id='word_1_130' title='bbox 570 2159 815 2235; x_wconf 81' lang='lat' dir='ltr'><strong>autempraeter</strong></span> <span class='ocrx_word' id='word_1_131' title='bbox 829 2152 969 2217; x_wconf 87' lang='lat' dir='ltr'><strong>alterum</strong></span> <span class='ocrx_word' id='word_1_132' title='bbox 982 2151 1075 2217; x_wconf 89' lang='lat' dir='ltr'><strong>iilum</strong></span> <span class='ocrx_word' id='word_1_133' title='bbox 1090 2152 1254 2230; x_wconf 87' lang='lat' dir='ltr'><strong>codicem,</strong></span> 
     </span>
     <span class='ocr_line' id='line_1_20' title="bbox 147 2249 1254 2337; baseline 0.001 -20"><span class='ocrx_word' id='word_1_134' title='bbox 147 2252 206 2337; x_wconf 88' lang='lat' dir='ltr'><strong>qui</strong></span> <span class='ocrx_word' id='word_1_135' title='bbox 224 2257 331 2317; x_wconf 86' lang='lat' dir='ltr'><strong>totum</strong></span> <span class='ocrx_word' id='word_1_136' title='bbox 345 2249 520 2333; x_wconf 77' lang='lat' dir='ltr'><strong>Virgilium</strong></span> <span class='ocrx_word' id='word_1_137' title='bbox 538 2252 832 2335; x_wconf 84' lang='lat' dir='ltr'><strong>complectebatur,</strong></span> <span class='ocrx_word' id='word_1_138' title='bbox 848 2252 1001 2318; x_wconf 88' lang='lat' dir='ltr'><strong>codicem</strong></span> <span class='ocrx_word' id='word_1_139' title='bbox 1022 2253 1254 2336; x_wconf 84' lang='lat' dir='ltr'><strong>perantiquum</strong></span> 
     </span>
     <span class='ocr_line' id='line_1_21' title="bbox 147 2352 1256 2438; baseline -0.001 -19"><span class='ocrx_word' id='word_1_140' title='bbox 147 2352 310 2431; x_wconf 79' lang='lat' dir='ltr'><strong>adhibuit,</strong></span> <span class='ocrx_word' id='word_1_141' title='bbox 325 2359 474 2418; x_wconf 69' lang='lat' dir='ltr'><strong>munuum</strong></span> <span class='ocrx_word' id='word_1_142' title='bbox 497 2359 609 2417; x_wconf 88' lang='lat' dir='ltr'><strong>tamen</strong></span> <span class='ocrx_word' id='word_1_143' title='bbox 628 2359 662 2417; x_wconf 88' lang='lat' dir='ltr'><strong>et</strong></span> <span class='ocrx_word' id='word_1_144' title='bbox 681 2353 881 2431; x_wconf 85' lang='lat' dir='ltr'><strong>mutilatum,</strong></span> <span class='ocrx_word' id='word_1_145' title='bbox 898 2354 1025 2438; x_wconf 88' lang='lat' dir='ltr'><strong>quippe</strong></span> <span class='ocrx_word' id='word_1_146' title='bbox 1046 2355 1112 2431; x_wconf 88' lang='lat' dir='ltr'><strong>cui,</strong></span> <span class='ocrx_word' id='word_1_147' title='bbox 1134 2359 1256 2437; x_wconf 83' lang='lat' dir='ltr'><strong>praeter</strong></span> 
     </span>
     <span class='ocr_line' id='line_1_22' title="bbox 136 2452 1255 2540; baseline 0.001 -21"><span class='ocrx_word' id='word_1_148' title='bbox 136 2453 291 2540; x_wconf 67' lang='lat' dir='ltr'><strong>jaceatis</strong></span> <span class='ocrx_word' id='word_1_149' title='bbox 313 2452 381 2517; x_wconf 74' lang='lat' dir='ltr'><strong>ludi</strong></span> <span class='ocrx_word' id='word_1_150' title='bbox 402 2452 549 2518; x_wconf 90' lang='lat' dir='ltr'><strong>libellum</strong></span> <span class='ocrx_word' id='word_1_151' title='bbox 573 2460 608 2518; x_wconf 90' lang='lat' dir='ltr'><strong>et</strong></span> <span class='ocrx_word' id='word_1_152' title='bbox 632 2455 796 2520; x_wconf 85' lang='lat' dir='ltr'><strong>Bucolica</strong></span> <span class='ocrx_word' id='word_1_153' title='bbox 820 2474 861 2519; x_wconf 88' lang='lat' dir='ltr'><strong>ac</strong></span> <span class='ocrx_word' id='word_1_154' title='bbox 888 2455 1130 2538; x_wconf 76' lang='lat' dir='ltr'><strong>Georgicorum</strong></span> <span class='ocrx_word' id='word_1_155' title='bbox 1155 2457 1255 2539; x_wconf 89' lang='lat' dir='ltr'><strong>primi</strong></span> 
     </span>
     <span class='ocr_line' id='line_1_23' title="bbox 145 2553 1254 2640; baseline 0 -18"><span class='ocrx_word' id='word_1_156' title='bbox 145 2555 223 2622; x_wconf 87' lang='lat' dir='ltr'><strong>libri</strong></span> <span class='ocrx_word' id='word_1_157' title='bbox 235 2561 375 2639; x_wconf 83' lang='lat' dir='ltr'><strong>partem,</strong></span> <span class='ocrx_word' id='word_1_158' title='bbox 389 2553 471 2618; x_wconf 90' lang='lat' dir='ltr'><strong>nihil</strong></span> <span class='ocrx_word' id='word_1_159' title='bbox 485 2561 657 2638; x_wconf 81' lang='lat' dir='ltr'><strong>supererat</strong></span> <span class='ocrx_word' id='word_1_160' title='bbox 670 2554 774 2640; x_wconf 86' lang='lat' dir='ltr'><strong>(conf.</strong></span> <span class='ocrx_word' id='word_1_161' title='bbox 792 2556 845 2620; x_wconf 91' lang='lat' dir='ltr'><strong>De</strong></span> <span class='ocrx_word' id='word_1_162' title='bbox 856 2555 991 2639; x_wconf 73' lang='lat' dir='ltr'><strong>Virgilii</strong></span> <span class='ocrx_word' id='word_1_163' title='bbox 1007 2557 1106 2622; x_wconf 90' lang='lat' dir='ltr'><strong>codd.</strong></span> <span class='ocrx_word' id='word_1_164' title='bbox 1123 2556 1210 2622; x_wconf 87' lang='lat' dir='ltr'><strong>Mss.</strong></span> <span class='ocrx_word' id='word_1_165' title='bbox 1224 2578 1254 2622; x_wconf 87' lang='lat' dir='ltr'><strong>s.</strong></span> 
     </span>
     <span class='ocr_line' id='line_1_24' title="bbox 147 2654 1253 2743; baseline 0.002 -23"><span class='ocrx_word' id='word_1_166' title='bbox 147 2654 249 2742; x_wconf 74' lang='lat' dir='ltr'><strong>vrri).</strong></span> <span class='ocrx_word' id='word_1_167' title='bbox 292 2657 393 2721; x_wconf 90' lang='lat' dir='ltr'><strong>Liber</strong></span> <span class='ocrx_word' id='word_1_168' title='bbox 415 2662 525 2720; x_wconf 81' lang='lat' dir='ltr'><strong>autem</strong></span> <span class='ocrx_word' id='word_1_169' title='bbox 542 2657 599 2722; x_wconf 90' lang='lat' dir='ltr'><strong>ille</strong></span> <span class='ocrx_word' id='word_1_170' title='bbox 614 2659 773 2743; x_wconf 82' lang='lat' dir='ltr'><strong>juvenilis</strong></span> <span class='ocrx_word' id='word_1_171' title='bbox 795 2659 864 2723; x_wconf 91' lang='lat' dir='ltr'><strong>ludi</strong></span> <span class='ocrx_word' id='word_1_172' title='bbox 888 2660 1078 2725; x_wconf 85' lang='lat' dir='ltr'><strong>continebat</strong></span> <span class='ocrx_word' id='word_1_173' title='bbox 1103 2655 1253 2739; x_wconf 77' lang='lat' dir='ltr'><strong>Culicem,</strong></span> 
     </span>
     <span class='ocr_line' id='line_1_25' title="bbox 148 2755 1253 2841; baseline 0.005 -19"><span class='ocrx_word' id='word_1_174' title='bbox 148 2757 261 2837; x_wconf 76' lang='lat' dir='ltr'><strong>Diras,</strong></span> <span class='ocrx_word' id='word_1_175' title='bbox 279 2755 408 2841; x_wconf 84' lang='lat' dir='ltr'><strong>Copcm,</strong></span> <span class='ocrx_word' id='word_1_176' title='bbox 426 2756 485 2820; x_wconf 82' lang='lat' dir='ltr'><strong>Est</strong></span> <span class='ocrx_word' id='word_1_177' title='bbox 497 2769 525 2821; x_wconf 83' lang='lat' dir='ltr'><strong>et</strong></span> <span class='ocrx_word' id='word_1_178' title='bbox 540 2757 622 2836; x_wconf 84' lang='lat' dir='ltr'><strong>Non,</strong></span> <span class='ocrx_word' id='word_1_179' title='bbox 642 2756 699 2821; x_wconf 81' lang='lat' dir='ltr'><strong>Vir</strong></span> <span class='ocrx_word' id='word_1_180' title='bbox 710 2760 816 2837; x_wconf 70' lang='lat' dir='ltr'><strong>boreus,</strong></span> <span class='ocrx_word' id='word_1_181' title='bbox 832 2758 1004 2836; x_wconf 73' lang='lat' dir='ltr'><strong>Moratum,</strong></span> <span class='ocrx_word' id='word_1_182' title='bbox 1021 2757 1132 2825; x_wconf 78' lang='lat' dir='ltr'><strong>Rosos.</strong></span> <span class='ocrx_word' id='word_1_183' title='bbox 1161 2760 1253 2827; x_wconf 82' lang='lat' dir='ltr'><strong>Hoec</strong></span> 
     </span>
     <span class='ocr_line' id='line_1_26' title="bbox 146 2858 1255 2946; baseline -0.001 -20"><span class='ocrx_word' id='word_1_184' title='bbox 146 2861 221 2946; x_wconf 87' lang='lat' dir='ltr'><strong>ipse</strong></span> <span class='ocrx_word' id='word_1_185' title='bbox 235 2861 385 2925; x_wconf 86' lang='lat' dir='ltr'><strong>Bembus</strong></span> <span class='ocrx_word' id='word_1_186' title='bbox 399 2861 558 2942; x_wconf 82' lang='lat' dir='ltr'><strong>exposuit</strong></span> <span class='ocrx_word' id='word_1_187' title='bbox 571 2862 604 2924; x_wconf 91' lang='lat' dir='ltr'><strong>iu</strong></span> <span class='ocrx_word' id='word_1_188' title='bbox 620 2861 763 2944; x_wconf 86' lang='lat' dir='ltr'><strong>Dialogo</strong></span> <span class='ocrx_word' id='word_1_189' title='bbox 778 2859 816 2923; x_wconf 84' lang='lat' dir='ltr'><strong>de</strong></span> <span class='ocrx_word' id='word_1_190' title='bbox 834 2858 941 2924; x_wconf 79' lang='lat' dir='ltr'><strong>Colice</strong></span> <span class='ocrx_word' id='word_1_191' title='bbox 956 2871 988 2925; x_wconf 84' lang='lat' dir='ltr'><strong>et</strong></span> <span class='ocrx_word' id='word_1_192' title='bbox 1005 2858 1143 2924; x_wconf 79' lang='lat' dir='ltr'><strong>Terentii</strong></span> <span class='ocrx_word' id='word_1_193' title='bbox 1146 2859 1255 2946; x_wconf 81' lang='lat' dir='ltr'><strong>subc·</strong></span> 
     </span>
     <span class='ocr_line' id='line_1_27' title="bbox 146 2959 1254 3044; baseline 0.005 -21"><span class='ocrx_word' id='word_1_194' title='bbox 146 2960 196 3040; x_wconf 74' lang='lat' dir='ltr'><strong>rs,</strong></span> <span class='ocrx_word' id='word_1_195' title='bbox 211 2962 247 3025; x_wconf 89' lang='lat' dir='ltr'><strong>in</strong></span> <span class='ocrx_word' id='word_1_196' title='bbox 262 2980 329 3044; x_wconf 89' lang='lat' dir='ltr'><strong>quo</strong></span> <span class='ocrx_word' id='word_1_197' title='bbox 343 2979 388 3023; x_wconf 91' lang='lat' dir='ltr'><strong>ex</strong></span> <span class='ocrx_word' id='word_1_198' title='bbox 403 2959 521 3026; x_wconf 91' lang='lat' dir='ltr'><strong>codice</strong></span> <span class='ocrx_word' id='word_1_199' title='bbox 535 2963 593 3026; x_wconf 93' lang='lat' dir='ltr'><strong>illo</strong></span> <span class='ocrx_word' id='word_1_200' title='bbox 609 2962 758 3026; x_wconf 86' lang='lat' dir='ltr'><strong>Culicem</strong></span> <span class='ocrx_word' id='word_1_201' title='bbox 772 2965 947 3028; x_wconf 87' lang='lat' dir='ltr'><strong>recensuit.</strong></span> <span class='ocrx_word' id='word_1_202' title='bbox 987 2963 1085 3027; x_wconf 85' lang='lat' dir='ltr'><strong>Exiit</strong></span> <span class='ocrx_word' id='word_1_203' title='bbox 1096 2961 1155 3028; x_wconf 89' lang='lat' dir='ltr'><strong>ille</strong></span> <span class='ocrx_word' id='word_1_204' title='bbox 1167 2963 1254 3028; x_wconf 86' lang='lat' dir='ltr'><strong>liber</strong></span> 
     </span>
     <span class='ocr_line' id='line_1_28' title="bbox 141 3062 1253 3147; baseline 0.003 -21"><span class='ocrx_word' id='word_1_205' title='bbox 141 3062 287 3145; x_wconf 89' lang='lat' dir='ltr'><strong>primum</strong></span> <span class='ocrx_word' id='word_1_206' title='bbox 302 3082 333 3126; x_wconf 86' lang='lat' dir='ltr'><strong>a.</strong></span> <span class='ocrx_word' id='word_1_207' title='bbox 350 3064 436 3128; x_wconf 77' lang='lat'>1530</span> <span class='ocrx_word' id='word_1_208' title='bbox 458 3065 548 3147; x_wconf 86' lang='lat' dir='ltr'><strong>apud</strong></span> <span class='ocrx_word' id='word_1_209' title='bbox 568 3064 686 3129; x_wconf 84' lang='lat' dir='ltr'><strong>fratres</strong></span> <span class='ocrx_word' id='word_1_210' title='bbox 708 3065 854 3130; x_wconf 88' lang='lat' dir='ltr'><strong>Sabbios</strong></span> <span class='ocrx_word' id='word_1_211' title='bbox 867 3065 1038 3131; x_wconf 89' lang='lat' dir='ltr'><strong>Venetiis:</strong></span> <span class='ocrx_word' id='word_1_212' title='bbox 1060 3085 1137 3131; x_wconf 87' lang='lat' dir='ltr'><strong>cnm</strong></span> <span class='ocrx_word' id='word_1_213' title='bbox 1149 3083 1195 3130; x_wconf 82' lang='lat' dir='ltr'><strong>ex</strong></span> <span class='ocrx_word' id='word_1_214' title='bbox 1209 3084 1253 3129; x_wconf 89' lang='lat' dir='ltr'><strong>en</strong></span> 
     </span>
     <span class='ocr_line' id='line_1_29' title="bbox 144 3162 1253 3250; baseline 0.003 -22"><span class='ocrx_word' id='word_1_215' title='bbox 144 3162 262 3228; x_wconf 89' lang='lat' dir='ltr'><strong>codice</strong></span> <span class='ocrx_word' id='word_1_216' title='bbox 287 3168 438 3229; x_wconf 88' lang='lat' dir='ltr'><strong>recensio</strong></span> <span class='ocrx_word' id='word_1_217' title='bbox 461 3166 622 3230; x_wconf 90' lang='lat' dir='ltr'><strong>minorum</strong></span> <span class='ocrx_word' id='word_1_218' title='bbox 647 3167 828 3231; x_wconf 88' lang='lat' dir='ltr'><strong>carminum</strong></span> <span class='ocrx_word' id='word_1_219' title='bbox 851 3166 987 3250; x_wconf 89' lang='lat' dir='ltr'><strong>Virgilii</strong></span> <span class='ocrx_word' id='word_1_220' title='bbox 1011 3166 1137 3231; x_wconf 87' lang='lat' dir='ltr'><strong>dudum</strong></span> <span class='ocrx_word' id='word_1_221' title='bbox 1161 3165 1253 3232; x_wconf 84' lang='lat' dir='ltr'><strong>facta</strong></span> 
     </span>
     <span class='ocr_line' id='line_1_30' title="bbox 143 3264 1251 3353; baseline 0.006 -27"><span class='ocrx_word' id='word_1_222' title='bbox 143 3265 290 3328; x_wconf 81' lang='lat' dir='ltr'><strong>essetab</strong></span> <span class='ocrx_word' id='word_1_223' title='bbox 305 3264 467 3332; x_wconf 86' lang='lat' dir='ltr'><strong>Asulnno.</strong></span> <span class='ocrx_word' id='word_1_224' title='bbox 511 3266 620 3332; x_wconf 91' lang='lat' dir='ltr'><strong>Aldus</strong></span> <span class='ocrx_word' id='word_1_225' title='bbox 634 3268 733 3345; x_wconf 88' lang='lat' dir='ltr'><strong>enim,</strong></span> <span class='ocrx_word' id='word_1_226' title='bbox 748 3270 783 3333; x_wconf 90' lang='lat' dir='ltr'><strong>in</strong></span> <span class='ocrx_word' id='word_1_227' title='bbox 797 3270 939 3353; x_wconf 83' lang='lat' dir='ltr'><strong>epistole</strong></span> <span class='ocrx_word' id='word_1_228' title='bbox 959 3269 1003 3333; x_wconf 86' lang='lat' dir='ltr'><strong>ad</strong></span> <span class='ocrx_word' id='word_1_229' title='bbox 1027 3268 1069 3333; x_wconf 90' lang='lat' dir='ltr'><strong>P.</strong></span> <span class='ocrx_word' id='word_1_230' title='bbox 1086 3269 1251 3333; x_wconf 88' lang='lat' dir='ltr'><strong>Bembum</strong></span> 
     </span>
     <span class='ocr_line' id='line_1_31' title="bbox 143 3363 1253 3456; baseline 0.003 -27"><span class='ocrx_word' id='word_1_231' title='bbox 143 3363 282 3430; x_wconf 83' lang='lat' dir='ltr'><strong>editioni</strong></span> <span class='ocrx_word' id='word_1_232' title='bbox 306 3367 392 3432; x_wconf 80' lang='grc'><strong>1514</strong></span> <span class='ocrx_word' id='word_1_233' title='bbox 418 3368 582 3452; x_wconf 82' lang='lat' dir='ltr'><strong>Naugerii</strong></span> <span class='ocrx_word' id='word_1_234' title='bbox 597 3371 724 3435; x_wconf 85' lang='lat' dir='ltr'><strong>auxilio</strong></span> <span class='ocrx_word' id='word_1_235' title='bbox 739 3372 922 3437; x_wconf 72' lang='lat' dir='ltr'><strong>emendatae</strong></span> <span class='ocrx_word' id='word_1_236' title='bbox 940 3370 1093 3456; x_wconf 76' lang='lat' dir='ltr'><strong>praefixa,</strong></span> <span class='ocrx_word' id='word_1_237' title='bbox 1121 3366 1253 3455; x_wconf 78' lang='lat' dir='ltr'><strong>Virgilii</strong></span> 
     </span>
     <span class='ocr_line' id='line_1_32' title="bbox 142 3464 1251 3551; baseline 0.005 -23"><span class='ocrx_word' id='word_1_238' title='bbox 142 3464 237 3543; x_wconf 81' lang='lat' dir='ltr'><strong>lusae,</strong></span> <span class='ocrx_word' id='word_1_239' title='bbox 256 3487 330 3551; x_wconf 82' lang='lat' dir='ltr'><strong>quus</strong></span> <span class='ocrx_word' id='word_1_240' title='bbox 346 3466 480 3531; x_wconf 69' lang='lat' dir='ltr'><strong>Bembum</strong></span> <span class='ocrx_word' id='word_1_241' title='bbox 496 3469 727 3534; x_wconf 80' lang='lat' dir='ltr'><strong>correctissimcs</strong></span> <span class='ocrx_word' id='word_1_242' title='bbox 742 3469 868 3550; x_wconf 72' lang='lat' dir='ltr'><strong>lrabeat,</strong></span> <span class='ocrx_word' id='word_1_243' title='bbox 887 3481 960 3534; x_wconf 69' lang='lat' dir='ltr'><strong>triac</strong></span> <span class='ocrx_word' id='word_1_244' title='bbox 975 3492 1005 3534; x_wconf 85' lang='lat' dir='ltr'><strong>se</strong></span> <span class='ocrx_word' id='word_1_245' title='bbox 1020 3468 1175 3533; x_wconf 82' lang='lat' dir='ltr'><strong>editurum</strong></span> <span class='ocrx_word' id='word_1_246' title='bbox 1190 3490 1251 3535; x_wconf 78' lang='lat' dir='ltr'><strong>esse</strong></span> 
     </span>
     <span class='ocr_line' id='line_1_33' title="bbox 135 3565 1249 3658; baseline 0.006 -28"><span class='ocrx_word' id='word_1_247' title='bbox 135 3565 392 3655; x_wconf 60' lang='lat' dir='ltr'><strong>promunturia</strong></span> <span class='ocrx_word' id='word_1_248' title='bbox 413 3569 453 3632; x_wconf 81' lang='lat' dir='ltr'><strong>ub</strong></span> <span class='ocrx_word' id='word_1_249' title='bbox 474 3591 508 3633; x_wconf 87' lang='lat' dir='ltr'><strong>eo</strong></span> <span class='ocrx_word' id='word_1_250' title='bbox 529 3572 691 3655; x_wconf 79' lang='lat' dir='ltr'><strong>acceperit,</strong></span> <span class='ocrx_word' id='word_1_251' title='bbox 707 3573 796 3658; x_wconf 90' lang='lat' dir='ltr'><strong>quud</strong></span> <span class='ocrx_word' id='word_1_252' title='bbox 818 3573 961 3637; x_wconf 86' lang='lat' dir='ltr'><strong>futurum</strong></span> <span class='ocrx_word' id='word_1_253' title='bbox 975 3573 1118 3656; x_wconf 84' lang='lat' dir='ltr'><strong>putabat</strong></span> <span class='ocrx_word' id='word_1_254' title='bbox 1137 3573 1249 3653; x_wconf 81' lang='lat' dir='ltr'><strong>brevi3</strong></span> 
     </span>
     <span class='ocr_line' id='line_1_34' title="bbox 141 3671 1251 3758; baseline 0.002 -22"><span class='ocrx_word' id='word_1_255' title='bbox 141 3690 255 3736; x_wconf 72' lang='lat' dir='ltr'><strong>venum</strong></span> <span class='ocrx_word' id='word_1_256' title='bbox 268 3677 373 3736; x_wconf 91' lang='lat' dir='ltr'><strong>morte</strong></span> <span class='ocrx_word' id='word_1_257' title='bbox 387 3680 575 3756; x_wconf 80' lang='lat' dir='ltr'><strong>praeventus</strong></span> <span class='ocrx_word' id='word_1_258' title='bbox 598 3673 695 3738; x_wconf 86' lang='lat' dir='ltr'><strong>fidem</strong></span> <span class='ocrx_word' id='word_1_259' title='bbox 717 3693 784 3738; x_wconf 93' lang='lat' dir='ltr'><strong>uou</strong></span> <span class='ocrx_word' id='word_1_260' title='bbox 805 3674 952 3738; x_wconf 84' lang='lat' dir='ltr'><strong>exsolvit</strong></span> <span class='ocrx_word' id='word_1_261' title='bbox 964 3671 1088 3755; x_wconf 77' lang='lat' dir='ltr'><strong>Aldus3</strong></span> <span class='ocrx_word' id='word_1_262' title='bbox 1111 3672 1251 3758; x_wconf 79' lang='lat' dir='ltr'><strong>perfecit</strong></span> 
     </span>
     <span class='ocr_line' id='line_1_35' title="bbox 142 3770 1249 3858; baseline 0.001 -22"><span class='ocrx_word' id='word_1_263' title='bbox 142 3779 252 3836; x_wconf 86' lang='lat' dir='ltr'><strong>tamen</strong></span> <span class='ocrx_word' id='word_1_264' title='bbox 265 3771 446 3850; x_wconf 87' lang='lat' dir='ltr'><strong>Asulanus,</strong></span> <span class='ocrx_word' id='word_1_265' title='bbox 462 3774 519 3855; x_wconf 74' lang='lat' dir='ltr'><strong>qni</strong></span> <span class='ocrx_word' id='word_1_266' title='bbox 534 3775 620 3839; x_wconf 85' lang='grc'><strong>1517</strong></span> <span class='ocrx_word' id='word_1_267' title='bbox 642 3770 847 3838; x_wconf 69' lang='lat' dir='ltr'><strong>Diversarum</strong></span> <span class='ocrx_word' id='word_1_268' title='bbox 863 3773 1025 3858; x_wconf 75' lang='lat' dir='ltr'><strong>po‘ctomm</strong></span> <span class='ocrx_word' id='word_1_269' title='bbox 1041 3775 1074 3837; x_wconf 81' lang='lat' dir='ltr'><strong>in</strong></span> <span class='ocrx_word' id='word_1_270' title='bbox 1090 3773 1249 3858; x_wconf 79' lang='lat' dir='ltr'><strong>Priapum</strong></span> 
     </span>
     <span class='ocr_line' id='line_1_36' title="bbox 143 3870 1248 3958; baseline 0.005 -23"><span class='ocrx_word' id='word_1_271' title='bbox 143 3870 234 3952; x_wconf 81' lang='lat' dir='ltr'><strong>lusus,</strong></span> <span class='ocrx_word' id='word_1_272' title='bbox 262 3870 305 3935; x_wconf 93' lang='lat' dir='ltr'><strong>P.</strong></span> <span class='ocrx_word' id='word_1_273' title='bbox 329 3870 367 3934; x_wconf 83' lang='lat' dir='ltr'><strong>V.</strong></span> <span class='ocrx_word' id='word_1_274' title='bbox 384 3871 436 3934; x_wconf 90' lang='lat' dir='ltr'><strong>M.</strong></span> <span class='ocrx_word' id='word_1_275' title='bbox 464 3871 641 3951; x_wconf 78' lang='lat' dir='ltr'><strong>Catuiacia,</strong></span> <span class='ocrx_word' id='word_1_276' title='bbox 667 3872 798 3958; x_wconf 86' lang='lat' dir='ltr'><strong>Copcm,</strong></span> <span class='ocrx_word' id='word_1_277' title='bbox 824 3873 935 3952; x_wconf 81' lang='lat' dir='ltr'><strong>Rosos,</strong></span> <span class='ocrx_word' id='word_1_278' title='bbox 960 3873 1108 3953; x_wconf 77' lang='lat' dir='ltr'><strong>Culicem,</strong></span> <span class='ocrx_word' id='word_1_279' title='bbox 1134 3873 1248 3955; x_wconf 77' lang='lat' dir='ltr'><strong>Diras,</strong></span> 
     </span>
     <span class='ocr_line' id='line_1_37' title="bbox 143 3970 1248 4058; baseline 0.006 -23"><span class='ocrx_word' id='word_1_280' title='bbox 143 3970 313 4051; x_wconf 77' lang='lat' dir='ltr'><strong>Moratum,</strong></span> <span class='ocrx_word' id='word_1_281' title='bbox 332 3974 423 4040; x_wconf 82' lang='lat' dir='ltr'><strong>Cirin</strong></span> <span class='ocrx_word' id='word_1_282' title='bbox 446 3983 509 4042; x_wconf 87' lang='lat' dir='ltr'><strong>etc.</strong></span> <span class='ocrx_word' id='word_1_283' title='bbox 535 3978 650 4056; x_wconf 89' lang='lat' dir='ltr'><strong>edidit,</strong></span> <span class='ocrx_word' id='word_1_284' title='bbox 673 3979 847 4045; x_wconf 87' lang='lat' dir='ltr'><strong>emendata</strong></span> <span class='ocrx_word' id='word_1_285' title='bbox 870 3999 892 4043; x_wconf 87' lang='lat' dir='ltr'><strong>a</strong></span> <span class='ocrx_word' id='word_1_286' title='bbox 915 4000 963 4058; x_wconf 89' lang='lat' dir='ltr'><strong>se,</strong></span> <span class='ocrx_word' id='word_1_287' title='bbox 978 3986 1016 4045; x_wconf 89' lang='lat' dir='ltr'><strong>ut</strong></span> <span class='ocrx_word' id='word_1_288' title='bbox 1039 3980 1098 4057; x_wconf 86' lang='lat' dir='ltr'><strong>ait,</strong></span> <span class='ocrx_word' id='word_1_289' title='bbox 1114 3978 1248 4044; x_wconf 87' lang='lat' dir='ltr'><strong>collutis</strong></span> 
     </span>
     <span class='ocr_line' id='line_1_38' title="bbox 141 4073 1246 4162; baseline 0.011 -27"><span class='ocrx_word' id='word_1_290' title='bbox 141 4073 289 4155; x_wconf 85' lang='lat' dir='ltr'><strong>pluribus</strong></span> <span class='ocrx_word' id='word_1_291' title='bbox 304 4078 563 4162; x_wconf 83' lang='lat' dir='ltr'><strong>exemplaribus.</strong></span> <span class='ocrx_word' id='word_1_292' title='bbox 610 4079 650 4142; x_wconf 91' lang='lat' dir='ltr'><strong>lu</strong></span> <span class='ocrx_word' id='word_1_293' title='bbox 664 4080 727 4145; x_wconf 84' lang='lat' dir='ltr'><strong>bec</strong></span> <span class='ocrx_word' id='word_1_294' title='bbox 742 4080 871 4146; x_wconf 87' lang='lat' dir='ltr'><strong>Culicis</strong></span> <span class='ocrx_word' id='word_1_295' title='bbox 886 4081 1075 4150; x_wconf 85' lang='lat' dir='ltr'><strong>recensione</strong></span> <span class='ocrx_word' id='word_1_296' title='bbox 1089 4080 1246 4147; x_wconf 86' lang='lat' dir='ltr'><strong>Bembiui</strong></span> 
     </span>
    </p>
   </div>
   <div class='ocr_carea' id='block_1_3' title="bbox 0 0 1370 4686">
    <p class='ocr_par' dir='ltr' id='par_1_4' title="bbox 0 0 1370 4686">
     <span class='ocr_line' id='line_1_39' title="bbox 0 0 1370 4686; baseline 0 4"><span class='ocrx_word' id='word_1_297' title='bbox 0 0 1370 4686; x_wconf 95' lang='lat' dir='ltr'><strong> </strong></span> 
     </span>
    </p>
   </div>
  </div>
 </body>
</html>
