2730 4686
649 352 736 418 1887

141 518 243 582 etiarn
256 517 400 583 dubitari
413 520 539 599 potest:
562 514 830 597 quondoquidem
848 514 938 580 istud
955 517 1092 583 alterum
1109 539 1243 587 cannen

139 638 205 682 non
218 620 426 683 invenustum
435 617 540 681 fnisse
553 635 689 680 necesse
704 620 773 695 est3
794 623 996 681 memoratur
1008 620 1096 682 enim
1112 622 1242 702 passim

139 737 218 783 cum
239 719 350 797 lande,
379 725 412 783 ct
440 718 598 781 Lucanus
618 736 684 780 non
713 718 784 782 sine
814 718 978 801 superbiae
1005 724 1087 782 nota
1114 720 1242 786 dixisse

139 821 351 885 existimatus
373 826 444 884 est:
470 815 515 882 Et
537 828 688 905 quantum
708 817 786 879 milri
804 828 900 880 restat
924 819 968 881 nd
994 817 1157 885 Culicem?
1177 823 1241 888 hoe

137 927 262 999 autem,
277 922 367 1005 qnod
381 942 469 986 nunc
490 923 664 997 hebemus,
680 920 832 1004 splendet
855 923 971 1006 utique
992 943 1059 987 uno
1081 927 1114 987 ct
1135 924 1240 991 altero

136 1023 226 1102 loco,
248 1031 283 1087 et
302 1024 407 1089 babet
431 1023 547 1088 landes
572 1023 762 1102 nonnullas3
785 1022 845 1089 sed
867 1028 900 1087 et
918 1030 988 1088 tota
1006 1024 1088 1088 illud
1112 1043 1241 1094 summa

137 1131 257 1205 peccat
270 1131 303 1189 et
315 1127 460 1213 plurima
472 1125 585 1203 babet,
601 1144 677 1207 quae
696 1125 750 1188 vel
771 1143 889 1208 parum
910 1127 1025 1190 subtili
1035 1125 1166 1210 judicio
1178 1128 1241 1194 vix

137 1230 221 1293 satis
235 1248 273 1292 se
287 1230 429 1312 probare
444 1230 585 1312 possint.
631 1226 718 1304 Quae
739 1247 781 1291 ne
802 1235 923 1292 temere
943 1231 1174 1311 pronuntiasse
1189 1231 1241 1295 vi·

137 1330 284 1408 deamur,
300 1351 362 1413 age
377 1330 419 1394 de
437 1330 593 1395 carminis
613 1337 805 1412 argumento
824 1337 858 1395 et
879 1330 997 1397 habitu
1020 1330 1240 1416 dispicimus

136 1434 237 1515 paulo
250 1435 453 1499 accuratius.
1231 1451 1236 1473 ¹

179 1533 269 1598 Inter
281 1536 376 1599 lusus
387 1535 523 1599 refertur
534 1534 597 1597 boc
612 1552 743 1598 carmen
761 1535 879 1598 merito
896 1538 1078 1617 argumenti
1092 1538 1144 1600 sni
1158 1537 1193 1601 vi
1207 1541 1241 1602 ot

136 1641 265 1700 natura.
310 1634 432 1714 Culex,
449 1655 526 1699 cnm
541 1642 710 1718 pastorem
728 1637 830 1700 infixo
847 1638 966 1703 aculeo
979 1659 1000 1703 e
1014 1657 1132 1702 somno
1146 1637 1239 1702 cxci*

135 1744 240 1802 tatum
254 1740 412 1821 praesenti
426 1744 532 1802 morte
545 1739 729 1817 liberasset,
741 1758 842 1822 quam
856 1741 1038 1824 subrepens
1053 1741 1085 1804 ei
1100 1757 1239 1823 serpens

133 1841 314 1905 inflicturus
328 1847 411 1919 erat,
425 1841 553 1905 inflicta
569 1861 669 1904 manu
689 1842 842 1918 obtritus,
862 1849 1019 1924 sequente
1041 1848 1137 1906 nocte
1159 1858 1239 1924 pas·

135 1946 197 2008 tori
210 1964 270 2027 per
284 1963 438 2009 somnum
452 1945 596 2022 oblatus,
612 1943 654 2007 de
672 1944 760 2007 male
779 1944 885 2009 relata
897 1947 1002 2027 gratia
1016 1944 1237 2027 conqueritur,

134 2046 361 2128 hominemque
384 2045 469 2111 adeo
496 2047 706 2113 miseratione
735 2052 858 2124 movet,
884 2052 921 2111 ut
948 2047 1109 2111 tumulum
1135 2043 1238 2110 culici

133 2153 294 2212 exstruat.
340 2146 416 2211 Nec
438 2154 550 2212 tamen
572 2150 705 2214 omnino
728 2148 833 2233 poeta
852 2167 984 2214 carmen
997 2150 1130 2234 epicum
1139 2148 1238 2233 joon·

132 2247 210 2326 lare,
227 2249 413 2335 cujusmodi
426 2256 540 2314 nostra
553 2257 638 2315 aetas
651 2252 748 2334 plura
764 2253 859 2329 vidit,
875 2269 1075 2334 componore
1089 2248 1237 2314 voluisse

130 2349 295 2430 putandus
310 2356 372 2415 est.
416 2349 574 2418 Narratio
588 2356 640 2415 est
653 2355 738 2417 serio
749 2354 911 2430 instituta,
926 2371 987 2415 nec
1000 2356 1110 2415 tamen
1125 2350 1236 2435 epica,

131 2450 189 2513 sed
210 2449 252 2513 ad
274 2453 484 2534 pastoritiuru
502 2470 562 2515 seu
584 2453 775 2518 bucolicum
799 2473 933 2518 carmen
957 2455 1105 2537 propior,
1126 2457 1159 2516 et
1180 2435 1237 2515 'dess

129 2552 249 2616 lecture
263 2554 411 2618 voluisse
425 2551 528 2637 poeta
539 2554 645 2617 videri
660 2554 769 2632 debet,
784 2557 903 2637 partim
922 2574 1032 2617 rerum
1048 2553 1236 2617 narratione

130 2659 162 2716 et
176 2653 409 2738 descriptione,
424 2655 548 2737 partim
563 2654 684 2717 culicis
698 2654 739 2718 de
761 2655 883 2740 injuria
904 2655 970 2718 sibi
985 2654 1072 2719 sacta
1094 2671 1236 2738 conque

130 2754 231 2818 rentis
245 2757 466 2820 miseratione.

172 2854 421 2938 Argumentum,
448 2858 478 2922 si
506 2855 679 2921 intentiore
703 2856 815 2919 animo
844 2856 1087 2938 contempleris,
1111 2874 1172 2936 per
1196 2866 1239 2921 se

130 2959 212 3022 satis
223 2965 321 3023 tenue
336 2977 376 3022 ac
386 2959 538 3042 jejunum
552 2977 628 3022 esse
642 2960 766 3041 vixque
780 2976 933 3039 magnum
948 2962 1098 3021 ornatum
1113 2966 1235 3040 capere

128 3079 229 3143 posse
246 3061 385 3125 videtur.
431 3059 624 3125 Cumulavit
646 3065 756 3124 tamen
777 3064 969 3123 ornamenta
989 3059 1141 3142 quisquis
1159 3058 1234 3124 haec
1322 3141 1326 3149 ¹

129 3163 272 3247 scripsit,
287 3169 319 3226 et
336 3164 371 3227 in
393 3164 594 3229 ornamentis
616 3164 669 3229 his
689 3163 849 3247 majorem
869 3180 982 3244 operae
1004 3168 1133 3245 partem
1153 3180 1234 3226 con·

128 3266 262 3346 sumsit3
286 3264 376 3348 quod
396 3285 456 3348 per
470 3285 590 3329 senon
608 3271 679 3330 erat
701 3266 965 3348 improbandum,
987 3266 1016 3328 si
1041 3269 1240 3328 ornamenta·

127 3368 293 3449 sagacitas
308 3368 424 3450 aliqua
438 3368 560 3449 ingenii
579 3388 624 3432 ex
646 3369 729 3450 ipsa·
741 3387 776 3430 re
792 3367 965 3447 elicuerat3
988 3385 1103 3431 verum
1116 3371 1234 3430 auctor

128 3467 171 3530 ad
193 3469 289 3533 locos
312 3467 467 3553 poeticos
488 3487 680 3532 communes
699 3469 766 3532 fere
785 3470 897 3533 omnia
914 3469 1097 3544 revocavit,
1113 3467 1234 3551 quibus

127 3571 173 3634 ita
197 3571 390 3635 immoratus
413 3577 476 3647 est,
496 3575 533 3634 ut
558 3570 718 3632 orationis
742 3569 888 3633 ordinem
910 3575 943 3634 et
964 3570 1079 3632 seriem
1101 3568 1235 3651 penitus

126 3670 318 3756 interrumpi
341 3679 376 3737 et
400 3682 544 3738 mentem
571 3691 593 3735 a
615 3671 773 3736 carminis
797 3690 927 3735 summa
956 3671 1077 3733 abduci
1098 3658 1235 3744 necesse

125 3779 225 3851 esset,
244 3773 335 3858 quod
355 3795 388 3840 v.
411 3795 442 3839 c.
468 3775 594 3840 factum
619 3775 735 3839 rideas
753 3774 788 3837 in
806 3774 883 3836 loco
909 3772 950 3834 de
976 3769 1131 3834 laudibus
1151 3767 1231 3832 vitre

126 3876 274 3955 rusticae,
289 3876 332 3941 de
356 3878 529 3941 arboribus
552 3876 595 3940 ad
618 3875 741 3940 fontem
759 3874 846 3938 natis
866 3868 1234 3952 v.122sqq.,inlocis
1351 3926 1360 3940 ,

125 3977 249 4058 interis,
264 3981 298 4044 in
311 3979 466 4057 Tartaro,
480 3981 515 4044 in
531 3979 659 4063 Elysio,
675 3981 709 4043 in
733 3977 858 4042 tumulo
878 3974 1002 4059 plantis
1016 3969 1233 4042 conserendo,

126 4080 279 4146 Nimium
304 4081 390 4146 adeo
412 4084 446 4147 in
473 4083 621 4167 parergis
643 4082 746 4147 baerct
770 4078 887 4164 poeta3
918 4095 980 4142 nec
1005 4093 1145 4160 pravum
1167 4073 1232 4138 boc
1347 4078 1357 4087 “

126 4183 269 4253 studium
283 4185 440 4270 exemplo
449 4204 515 4250 non
529 4187 636 4252 minus
650 4204 756 4278 pravo
771 4181 906 4261 Catulli,
919 4180 955 4247 in
967 4177 1058 4247 Pelei
1073 4182 1105 4242 et
1118 4174 1232 4245 uber.
