2730 4686
560 858 886 939 PROOEMIUM

705 1151 747 1200 itt

382 1423 1134 1618 Mouurum.'

225 2215 298 2282 Fs‘r
312 2215 376 2280 boc
389 2235 433 2279 ex
455 2235 498 2280 eo
518 2214 700 2280 carminum
714 2233 842 2297 genere,
856 2213 951 2298 cujus
963 2213 1061 2279 uobis
1075 2213 1281 2298 paucissimo

181 2337 227 2384 ex
240 2318 435 2401 antiquitate
448 2315 604 2400 exempla
617 2315 737 2379 relicto
751 2320 842 2379 sunt:
876 2319 1067 2396 argumento
1091 2314 1222 2379 scilicet
1235 2332 1281 2379 ex

181 2418 396 2503 vltuprivota
408 2423 443 2482 et
455 2419 546 2483 tenui
568 2416 736 2482 hominum
755 2416 873 2481 humili
895 2416 971 2482 loco
994 2421 1143 2480 natorum
1164 2415 1281 2499 petitu.

183 2517 327 2603 licetid
341 2519 385 2584 od
398 2518 588 2585 bucolicum
607 2537 710 2600 genus
728 2517 847 2583 referre
860 2524 919 2583 aut
936 2528 998 2602 'pro
1013 2517 1136 2600 Idyllio
1147 2516 1282 2593 hebere,

183 2620 447 2706 quandoquidem
461 2639 502 2683 eo
515 2620 646 2683 nomine
655 2638 758 2683 unum
770 2624 805 2683 ct
817 2620 955 2683 alterum
968 2618 1057 2703 apud
1070 2617 1283 2685 Theocritum

182 2718 332 2787 hebetur.
377 2721 519 2786 Faciunt
531 2722 595 2786 viri
609 2721 701 2786 docti
714 2720 869 2786 carminis
890 2740 1061 2798 summam,
1075 2728 1235 2796 moretum,
1249 2719 1287 2785 h.»

183 2821 285 2888 edulii
298 2824 411 2888 rustici
426 2843 540 2906 genus,
562 2843 607 2889 ex
631 2823 720 2901 allio,
745 2825 835 2907 apio,
858 2829 942 2900 ruta,
965 2821 1147 2898 coriandro,
1170 2820 1284 2900 bulbo,

184 2924 319 3004 additis,
342 2946 452 3004 caseo,
473 2927 558 3002 oleo,
574 2931 609 2990 et
634 2929 740 3003 coeto,
756 2929 1001 3008 comparatum,
1025 2922 1115 3006 quod
1135 2922 1284 2986 Simulus

184 3025 329 3091 conficit.
375 3025 449 3091 Nec
462 3028 549 3089 male
563 3044 605 3088 eu
618 3044 681 3102 res,
695 3025 844 3102 arbitror,
859 3024 972 3108 Idyllil
987 3022 1176 3108 hujusmodi
1190 3042 1286 3106 urgu-

184 3139 329 3192 mentum
345 3129 538 3192 constituat:
560 3131 798 3209 repraesentata
807 3127 914 3189 oculis
924 3126 1108 3208 animisque
1121 3124 1287 3208 porticula

184 3227 297 3310 eliqua
311 3230 389 3289 vitae
402 3228 547 3290 rusticae.
570 3225 648 3301 Sed,
663 3231 823 3308 quantum
837 3226 989 3309 equidem
1003 3244 1172 3309 uswquor,
1184 3225 1287 3291 latius

184 3333 278 3414 potet
291 3326 404 3414 Idyllii
418 3327 516 3417 hujus
533 3332 766 3409 argumentum.
812 3327 1019 3392 Describitur
1043 3327 1131 3391 enlm
1153 3325 1288 3391 omnino

179 3427 287 3512 primu
303 3427 367 3491 diei
378 3451 463 3511 pars,
477 3439 511 3495 et
529 3449 595 3514 quc
617 3425 753 3493 diluculo
774 3426 823 3492 vel
841 3451 930 3497 mune
947 3440 1098 3514 gerantur
1121 3448 1141 3488 a
1161 3426 1288 3505 rustico,

185 3538 357 3615 antequam
384 3531 427 3595 ad
450 3550 533 3615 opus
547 3531 706 3595 rusticum
727 3531 897 3615 procedat.
942 3530 1054 3612 Surgit
1065 3548 1162 3593 mone
1177 3528 1289 3593 Simu·

183 3633 250 3714 lus,
265 3635 322 3718 qui
339 3634 537 3698 conductum
559 3652 674 3716 ugrum
696 3653 789 3699 arare
802 3633 945 3713 videtur,
960 3651 1036 3695 cum
1051 3629 1190 3714 cybale,
1206 3627 1289 3694 Aba

186 3757 316 3820 genere,
343 3739 426 3802 sorte
446 3737 608 3815 libertina,
631 3743 665 3801 et
685 3737 794 3820 primo
815 3737 891 3800 loco
912 3756 953 3799 ea
972 3741 1081 3819 paret,
1097 3735 1217 3817 quibus
1230 3753 1289 3817 per

183 3837 273 3902 diem
288 3840 380 3901 illum
395 3841 496 3903 vitam
512 3839 637 3917 toleret,
653 3839 686 3903 h.
701 3859 731 3901 e.
746 3838 868 3902 famem
881 3839 1025 3922 expleat.
1049 3838 1153 3917 Igitur
1166 3854 1289 3918 panem

186 3942 310 4021 coquit,
327 3940 415 4023 quod
440 3960 462 4004 a
474 3961 508 4003 v.
523 3941 566 4004 17
589 3939 633 4002 ud
652 3939 695 4003 52
717 3938 878 4021 procedit,
902 3938 988 4016 iude,
1007 3944 1044 4002 ut
1067 3935 1202 4011 babeat,
1218 3954 1288 4018 quo

184 4056 246 4122 pro
261 4042 401 4105 obsonio
418 4048 539 4119 utatur,
554 4047 713 4105 moretum
736 4041 800 4105 sibi
820 4046 918 4125 porat
943 4040 966 4104 h
992 4040 1138 4104 edulium
1152 4036 1289 4101 acribus

184 4135 295 4208 bobis
318 4143 393 4208 oleo
417 4148 578 4228 acetoque
605 4143 803 4224 coniectum,
828 4163 895 4228 quo
917 4142 1125 4208 stomachum
1142 4137 1288 4207 vellicet.
