2730 4686
517 331 689 382 auriana
718 333 792 381 nra.
822 326 880 382 xi.
1156 320 1245 387 lato

141 476 235 544 Nunc
251 484 286 542 ct
299 474 461 560 Tydides,
472 481 505 540 et
519 475 704 541 larissaeus
718 475 885 542 Achillas:
977 560 984 567 ,

139 576 255 642 Amnis
270 582 304 641 et
320 577 512 642 Hadriacas
526 584 609 642 retro
624 578 707 660 fugit
721 578 863 643 Aufidus
873 582 989 646 undas.
1178 581 1245 648 405

139 679 201 743 Vel
216 699 295 743 cnm
307 700 344 744 se
359 680 518 762 pavidum
530 686 733 745 contramea
749 683 861 766 jurgia
871 680 964 764 fingit

138 779 285 845 Arlificis
300 781 421 858 scelus,
436 786 468 845 et
481 781 655 846 formidine
669 785 792 847 crimen
807 785 948 848 acerbat.

139 880 322 964 Nunquam
336 882 479 945 animam
490 883 588 946 talem
599 882 719 948 dextra
727 885 790 947 hac
800 884 940 970 (absisto
949 882 1091 967 moveri)

135 1119 208 1167 etia
220 1118 355 1181 Diomedes,
366 1118 439 1167 elion
450 1117 581 1167 missam
598 1117 722 1170 Achilles?
730 1119 823 1183 fionius
834 1120 905 1169 eliasu
914 1119 1163 1185 Andidasrelrossgs'l
1178 1136 1243 1173 sam

135 1180 326 1233 Hadriaticum?
353 1181 444 1231 eodem
464 1183 515 1245 ipso
534 1190 661 1246 tempore,
672 1198 716 1246 qao
729 1185 839 1232 oeekstus
851 1185 894 1233 ille
903 1190 1025 1233 «condor
1033 1184 1130 1234 simulat
1138 1200 1164 1235 se
1175 1188 1241 1236 lissi·

134 1249 190 1295 dass
200 1248 313 1295 adversas
322 1261 386 1296 mess
400 1247 474 1309 risos,
490 1251 514 1294 sl
524 1253 649 1310 aarum
658 1253 723 1296 ssets
733 1261 778 1296 suo
794 1250 1053 1301 missensem.
1086 1249 1175 1300 Desine
1190 1255 1242 1299 ιιι-
1288 1289 1293 1295 ,

133 1309 193 1375 dni,
211 1312 424 1375 sumendos
438 1311 627 1360 tolmasimatn
641 1311 685 1360 loe
700 1326 853 1361 meamea:
870 1318 964 1362 meat
981 1317 1150 1363 temnentes
1165 1314 1243 1364 iside

152 1533 308 1570 aeneomnes
322 1521 392 1569 Pier.
405 1520 540 1570 Mediceus
556 1526 584 1568 et
601 1519 645 1567 alii
662 1519 753 1568 Heius.
772 1519 840 1571 conf.
854 1520 1036 1573 Heius-llio.
1053 1524 1138 1572 Amnis
1155 1523 1187 1572 od
1203 1519 1240 1574 Η.

133 1535 257 1633 iarbae.
269 1593 296 1632 et
309 1584 430 1643 Dorvill,
446 1598 477 1632 ex
491 1584 714 1646 interpretatione.
749 1586 833 1634 Omrt's
854 1593 878 1635 et
897 1589 967 1652 conj.
987 1588 1157 1650 Cuninglrsrn.
1179 1603 1201 1637 r.
1213 1587 1239 1648 f.

132 1649 241 1711 Appulus
259 1648 329 1711 conj.
348 1649 378 1695 Τ.
397 1649 489 1705 Faber,
501 1652 736 1711 perperam-406.
754 1649 838 1698 Locus
858 1652 965 1702 Quintil.
978 1665 1017 1712 rx,
1028 1656 1053 1712 8,
1071 1657 1100 1700 14
1112 1659 1166 1701 est:
1183 1652 1241 1701 sua

132 1713 301 1760 wmsdstio
308 1713 435 1760 sumtus
444 1717 478 1761 est
490 1713 535 1778 (de
546 1711 718 1761 schematibus
728 1713 861 1776 loquitur),
869 1717 934 1775 cuius
944 1721 1036 1765 mator
1045 1716 1112 1765 unios
1127 1716 1245 1778 Virgilius

126 1775 195 1834 snit:
216 1776 259 1824 Vel
269 1791 323 1823 cass
332 1776 474 1838 sepcoidass
481 1776 586 1825 -Cum
596 1790 646 1823 non
656 1785 789 1838 spirarent,
796 1793 847 1841 quo
859 1779 885 1826 in
895 1781 975 1829 verbo
984 1780 1139 1829 mehaimrus
1149 1780 1241 1842 lateat,

134 1838 226 1890 Heius.
237 1847 296 1901 post
308 1840 417 1889 Matium
429 1841 574 1902 suspicatur
585 1839 709 1901 scriptum
722 1839 800 1888 fnisse
810 1848 892 1891 eostre
909 1845 964 1905 mis,
1019 1843 1052 1892 od
1071 1851 1175 1892 veteres
1191 1842 1239 1906 prd

132 1903 187 1952 nei.
221 1903 451 1952 AllacstGesneri
472 1904 505 1952 ad
525 1918 548 1951 e.
569 1905 584 1952 Ι.
602 1904 743 1962 sententia,
763 1904 892 1954 excidisse
911 1858 1017 1970 aliquiqd'¹
1026 1906 1052 1954 ln
1071 1906 1240 1968 Quintiliano,

132 1966 202 2016 idem
215 1975 300 2016 tamen
313 1974 388 2030 putat
408 1982 463 2016 esse
480 1968 506 2015 in
525 1981 569 2015 usu
589 1968 688 2015 voculae
706 1968 743 2014 tel
763 1974 917 2018 uetustatem
935 1970 1116 2034 quaerendam:
1134 1984 1192 2018 curn
1204 1969 1240 2019 sit

132 2045 180 2093 pro
190 2033 271 2092 etim,
289 2034 355 2080 adeo.
390 2032 420 2080 ln
430 2031 564 2092 incinctos
587 2031 672 2093 Bigot.
689 2037 716 2078 et
731 2032 810 2081 Gotlr.
830 2040 901 2094 tert„
917 2035 1007 2098 sicque
1018 2033 1086 2096 aptsd
1097 2032 1238 2086 Quintili.

131 2101 246 2145 c.-l⁰l.
262 2100 356 2144 asem
387 2097 461 2143 assim
473 2096 611 2143 scribitur:
630 2095 709 2142 ctiam
720 2094 746 2142 in
764 2095 830 2144 binis
840 2097 920 2146 Goth.
933 2112 966 2146 ex
984 2106 1067 2146 morte
1079 2099 1238 2161 superiorum

130 2161 290 2209 seculorum.
307 2111 549 2208 conaePieredos.
566 2158 665 2207 eadsine
679 2159 750 2208 Goth
765 2174 816 2209 sec.
850 2163 975 2210 &museo
991 2162 1074 2211 assim
1094 2162 1239 2212 Dorvill.-

131 2227 189 2272 sto.
206 2223 230 2272 el
248 2224 323 2273 abest
343 2224 453 2272 Hentel.
471 2231 551 2287 pact
577 2223 656 2272 Gotlr.
687 2230 748 2272 tert.
781 2239 877 2287 magna,
906 2226 975 2290 quod
994 2227 1115 2276 Heinsius
1142 2227 1239 2287 intulit,

133 2286 241 2336 Romani
255 2289 332 2336 lectio
342 2295 392 2349 est,
410 2301 485 2352 quarn
503 2289 599 2350 aliquot
608 2286 651 2335 alii
662 2286 734 2336 Pier.
744 2288 847 2350 Menag.
860 2305 899 2353 pr.
918 2292 1007 2353 sprot.
1027 2292 1123 2340 lvloret.
1139 2306 1192 2340 sec.
1210 2299 1239 2340 et

132 2349 140 2396 i
204 2351 340 2401 Gudianus
358 2351 470 2412 firmant,
488 2349 563 2415 quem
584 2352 665 2399 miror
683 2351 725 2400 liic
745 2351 866 2404 deserere
892 2355 1049 2415 Mediceum,
1066 2356 1110 2419 qui
1130 2357 1239 2405 alteram

183 2415 252 2464 lllsm
264 2415 353 2465 ducit:
370 2430 455 2478 mogus
464 2421 549 2479 oder:
566 2421 595 2464 ut
608 2415 682 2479 vrrlgo
693 2415 806 2476 editum3
823 2418 893 2482 quod
904 2421 1024 2469 Donatus
1040 2419 1238 2483 interpretatur,

633 2543 742 2595 NOTAE

130 2637 187 2686 nica
216 2645 301 2688 metus
333 2640 482 2689 inanitatem
515 2647 663 2702 exaggerat.
705 2642 880 2703 promontorio
891 2643 1032 2701 Sallentino,
1044 2642 1111 2705 quod
1122 2642 1239 2704 superias

130 2713 192 2774 Dic,
203 2721 234 2761 nt
249 2714 324 2764 nobis
332 2717 450 2765 timorem
462 2717 583 2775 incutias,
592 2716 664 2778 Myr·
705 2721 744 2763 est
764 2716 847 2764 Italire
864 2730 953 2778 cornu,
972 2717 998 2763 in
1020 2716 1102 2762 sinum
1122 2712 1240 2776 influens,

130 2788 254 2853 mldosas,
273 2791 435 2854 Diomedem,
446 2789 573 2840 Achillem
591 2791 665 2839 timn-
705 2790 857 2853 Italiamque
869 2788 902 2837 ad
919 2790 1121 2854 septentrionem
1132 2790 1240 2850 alluens,

129 2864 259 2915 ureteras
275 2867 400 2930 ‘l'rojanar
418 2868 603 2931 quinnnquam
622 2866 664 2915 illa
704 2864 773 2913 unde
802 2880 866 2912 more
886 2880 994 2928 snum
1019 2873 1135 2914 vocatur.
1168 2861 1239 2914 Huic

130 2941 281 2993 timuerunt.
316 2945 484 3007 Myrmidones,
496 2942 610 2991 Tbessali
622 2942 664 2990 vcl
705 2954 795 2988 nomen
817 2939 850 2988 ab
870 2938 968 2988 Hudrio
988 2938 1051 2988 urbe
1071 2947 1098 2989 et
1117 2937 1196 2988 fluvio
1211 2939 1238 2990 in

128 3019 265 3083 nuncto,
283 3021 390 3070 Achillis
408 3020 514 3081 milites,
527 3019 585 3067 AEn.
598 3033 628 3068 ιι.
637 3022 662 3067 t.
704 3023 791 3067 tractu
803 3017 915 3078 Veneto,
932 3030 1011 3079 surpra
1028 3016 1092 3064 Padi
1104 3016 1178 3078 ostia,
1189 3015 1237 3066 sab

129 3094 249 3158 Phrygia,
269 3096 312 3144 nbi
331 3097 419 3157 lions,
437 3095 493 3143 AEn.
514 3107 532 3142 1.
544 3097 600 3142 886.
620 3095 664 3158 ‘ln-
704 3102 847 3144 extremum
867 3096 959 3158 sinum,
980 3095 1013 3142 sd
1030 3096 1096 3144 latus
1116 3095 1238 3145 occiden-

127 3170 202 3233 ds'des,
227 3171 310 3235 'iudei
330 3171 396 3220 lilius
413 3169 564 3231 Diomedes,
585 3184 664 3232 supra
705 3174 770 3222 tale:
789 3187 856 3221 utrnc
869 3171 1040 3222 dicitnrsinus
1052 3172 1107 3236 ipse
1124 3171 1196 3230 Golt'e
1207 3174 1237 3222 de

128 3248 185 3296 dli.
226 3248 357 3296 Μίνω
378 3245 491 3311 Achilles,
515 3245 663 3309 Thessalus,
707 3249 798 3307 Vesise,
817 3248 851 3297 ab
862 3247 927 3296 urbe
945 3248 1069 3297 Veneriis.
1101 3247 1239 3311 scribitur,

128 3320 229 3373 AEnst.
243 3327 297 3372 107.
704 3326 745 3374 val
758 3327 813 3375 sine
825 3326 983 3388 aspiratione
991 3325 1087 3382 Adrier
1103 3327 1153 3387 vel,
1163 3330 1193 3375 ut
1210 3327 1238 3376 in

159 3403 208 3448 ⁴⁰⁵
225 3399 311 3446 Am
331 3403 355 3447 et
373 3398 516 3459 Hadriacos,
535 3397 589 3461 lfa]
610 3399 662 3448 Dic
704 3400 831 3464 plerlsqne
841 3400 958 3448 omnibus
976 3400 1138 3463 antiquitatis
1149 3415 1235 3450 monn·

127 3472 197 3537 ipsos
208 3475 288 3523 etiam
296 3472 395 3535 fluvios,
403 3474 573 3537 'l'rojauorum
584 3481 663 3536 nictu,
702 3476 805 3538 mentis,
816 3489 874 3523 cum
885 3474 1039 3537 aspiratione
1045 3475 1154 3543 Hadria.

128 3557 199 3598 retro
227 3550 424 3614 aqnasxegisse.
457 3549 566 3613 Aufidus,
594 3563 662 3598 nunc
734 3556 781 3601 tot
799 3551 1000 3616 Artificioscelus]
1016 3551 1069 3598 Pro
1077 3553 1237 3600 melesioortt'·

128 3625 240 3689 Iasonio,
260 3623 351 3674 fluvius
376 3625 470 3682 ltalia,
495 3625 520 3672 in
547 3624 662 3687 Hirpinis
694 3627 754 3693 fise.
786 3629 830 3676 Sic
847 3627 915 3689 apud
938 3627 1057 3676 Comicos
1075 3625 1236 3690 frequenter.

127 3715 244 3762 nascens,
253 3702 321 3751 inter
337 3703 466 3765 Apuliam,
484 3700 622 3763 Dauniam,
633 3708 662 3751 et
699 3703 803 3751 Terent.
814 3700 894 3750 Andr.
906 3714 949 3751 ιιι.
959 3706 983 3751 o.
996 3714 1016 3750 ι.
1053 3701 1100 3750 Uli
1107 3701 1157 3749 illic
1163 3699 1238 3749 scelus

128 3772 289 3837 Peucetiam,
326 3776 352 3824 ln
394 3790 465 3825 marc
501 3776 661 3825 Adriaticum
700 3776 842 3840 est,qss'rne
856 3772 983 3838 perdidit?
999 3775 1169 3831 mussitem,
1186 3788 1236 3837 pro

126 3846 217 3913 linens,
229 3851 339 3901 celebris
352 3851 480 3901 Cannensi
495 3851 594 3914 prelio,
610 3865 661 3915 quo
701 3852 878 3900 criminatione
897 3866 941 3899 sen
960 3851 1133 3912 accusatione,
1150 3864 1237 3915 snpra,

128 3929 198 3977 circa
208 3929 266 3992 ejus
277 3928 344 3977 ostia
354 3929 460 3977 Romani
479 3928 513 3976 ab
535 3926 661 3975 Annibale
703 3932 757 3976 122.

126 4005 278 4056 victitant.
312 4003 469 4064 Hadrianum,
493 4002 534 4050 vel
555 4001 661 4051 Hadria·
733 4005 781 4051 408
798 3999 954 4063 Destrolsc]
972 3998 1235 4050 Qtsaeconsocvitfor·

126 4081 206 4144 siem,
225 4080 268 4129 vel
288 4079 438 4129 Hadrianum
455 4078 537 4140 Mare,
557 4078 597 4126 vel
609 4076 662 4126 Hs-
703 4084 742 4126 tes
753 4074 882 4139 occidere,
890 4089 941 4123 non
952 4075 1066 4138 ignotos.
1090 4074 1134 4124 Sic
1147 4075 1234 4127 essu

126 4155 186 4221 dtis,
196 4170 258 4222 pars
267 4160 309 4205 est
320 4154 506 4204 Mediterranei
513 4153 617 4204 Maris:
645 4169 662 4203 a
700 4152 734 4202 ad
752 4151 897 4219 Metellum,
913 4150 982 4218 apud
998 4150 1130 4201 Lucsmm
1151 4153 1221 4202 lm.
