2730 4686
545 914 873 996 PROOEMIUM

682 1214 732 1263 'nl

470 1505 965 1643 CIRIN,

597 1908 828 1927 Μ

167 2183 170 2189 -
202 2140 367 2206 Canama
387 2138 463 2214 hoo,
488 2136 549 2200 etsi
562 2137 647 2200 inter
660 2134 846 2218 virgiliana
859 2137 1023 2219 opuscula
1036 2137 1137 2219 vulgo
1151 2137 1263 2201 referri

161 2240 258 2318 solet,
282 2259 325 2303 an
338 2238 517 2320 Virgilium
530 2243 642 2301 tamen
656 2242 825 2302 auctorem
838 2237 973 2315 habeut,
995 2237 1080 2302 fidos
1101 2257 1165 2303 nos
1179 2239 1262 2303 satis

161 2347 253 2408 certa
276 2339 398 2404 delicit.
443 2337 526 2402 Sunt
549 2337 688 2419 quidem
707 2337 822 2414 multa,
847 2356 925 2421 qnae
947 2339 1121 2423 probabile
1133 2339 1198 2403 hoc
1213 2338 1263 2403 la·

161 2444 271 2509 ciant:
294 2461 353 2505 neo
367 2440 582 2504 dubitationis
593 2444 705 2502 tamen
716 2456 828 2504 oousse
842 2439 962 2504 desunt
973 2460 1019 2504 ex
1031 2446 1127 2523 parte
1142 2440 1263 2522 ultera3

159 2547 273 2630 itaque
289 2563 377 2626 aegre
387 2541 560 2607 latendum
580 2558 649 2605 non
666 2547 728 2618 est,
752 2542 830 2605 siin
843 2542 995 2608 diversas
1008 2542 1181 2626 opiniones
1194 2541 1263 2605 dis-

161 2647 304 2712 cessisse
328 2646 420 2710 viros
444 2644 562 2708 doctos
579 2643 705 2708 videas.
751 2642 888 2709 Scilicet
908 2644 1167 2721 donationibus,
1191 2645 1264 2727 qui-

161 2749 225 2813 bns
241 2747 479 2813 contenderunt
496 2747 580 2812 inter
599 2765 648 2823 se,
671 2745 850 2810 videndum
870 2750 961 2826 παῖς
984 2747 1068 2810 inter
1082 2765 1139 2809 eas
1153 2752 1264 2811 antem

48 2916 51 2921 ,
160 2851 284 2914 multas
313 2868 388 2912 esse
412 2848 505 2912 leves
537 2866 579 2911 ao
610 2846 722 2912 iirliles
754 2847 867 2930 negari
900 2847 1027 2929 nequit.
1073 2846 1125 2910 Eu
1152 2853 1263 2912 tamen

162 2951 284 3027 omnia,
313 2969 389 3032 quae
404 2949 446 3012 dc
459 2949 512 3012 his
527 2948 619 3013 dicta
637 2954 723 3026 sunt,
750 2949 923 3012 utiterum
941 2954 1075 3013 recocta
1094 2966 1264 3030 apponam

160 3070 308 3128 necesse,
329 3057 421 3133 puto,
439 3066 509 3114 non
529 3055 600 3129 θεὶς
623 3054 660 3113 nt
681 3049 869 3114 summatim
889 3068 952 3132 pro
965 3066 1054 3114 more
1067 3066 1144 3113 meo
1158 3067 1264 3133 expo·
1346 3046 1349 3053 ’

161 3170 250 3228 nam,
272 3151 401 3235 judicio
422 3170 498 3214 meo
526 3152 759 3234 qualicumque
784 3152 992 3234 interposito,
1021 3151 1087 3215 hoc
1108 3149 1193 3216 sorte
1215 3157 1267 3217 est

161 3252 250 3337 quod
263 3252 367 3315 lector
382 3271 404 3314 a
417 3271 469 3314 me
483 3257 650 3334 expectet.

203 3349 274 3430 Qui
302 3348 436 3438 Virgilio
460 3372 591 3417 carmen
612 3353 794 3430 vindicant,
820 3354 1019 3437 argumentis
1041 3353 1108 3418 fere
1129 3359 1264 3419 utantur

160 3452 217 3530 iis,
247 3454 368 3535 quibus
396 3474 527 3518 carmen
554 3455 619 3518 hoc
647 3455 898 3537 politissimum,
928 3457 1121 3540 praestantis
1144 3457 1264 3539 ingenii

73 3575 75 3578 ⁴
160 3551 274 3638 poeta,
290 3556 433 3637 ipsoque
448 3554 599 3632 Marone,
623 3575 692 3621 non
704 3556 875 3640 indignum
890 3556 1069 3620 declarent.
1115 3557 1170 3621 Ita
1183 3577 1263 3621 vero

159 3673 226 3719 non
246 3657 390 3719 evictum
407 3662 469 3733 est,
498 3657 684 3722 trahendum
702 3677 835 3741 quoque
849 3675 925 3722 esse
940 3657 1117 3740 Virgiliaui
1140 3658 1262 3742 ingenii

159 3755 288 3834 foetum,
304 3759 334 3820 si
350 3757 440 3839 quod
455 3780 585 3825 carmon
599 3768 662 3839 est,
678 3761 856 3843 quodcum
872 3779 936 3825 non
950 3760 1121 3826 dedecent.
1156 3760 1263 3826 Vetus

160 3856 274 3940 aliquo
293 3879 397 3942 euque
421 3859 539 3926 idonea
563 3864 740 3927 auctoritas
765 3863 868 3926 allata
890 3864 925 3926 in
948 3862 1093 3926 medium
1112 3868 1262 3926 nonest.

161 3955 263 4036 Nam,
279 3960 369 4043 quod
384 3982 428 4025 ex
442 3962 572 4028 Seneca
584 3966 686 4046 vulgo
698 3963 851 4028 laudatur
862 3963 926 4047 Ep.
938 3965 983 4028 92
997 3975 1031 4024 ot
1047 3963 1091 4028 oit
1111 3961 1264 4048 Virgilius

160 4067 262 4120 noster
278 4059 312 4123 io
329 4057 449 4146 Scylla,
471 4083 538 4129 non
551 4064 701 4131 videnrnt
715 4065 778 4130 viri
792 4064 883 4130 docti
897 4064 942 4128 ad
957 4065 1036 4129 AEn.
1054 4080 1112 4141 111,
1129 4064 1196 4130 426
1210 4083 1261 4150 sq.
