2730 4686
199 267 285 331 1441
693 281 820 332 cucux

202 424 282 496 Quis
295 424 394 514 magis
407 435 513 512 optato
528 433 620 512 queat
636 444 697 490 esse
711 424 831 492 beatior
845 448 920 506 aaa,
952 451 954 454 ·

201 525 304 596 Quom
319 530 373 614 qni
386 537 483 592 mente
493 526 608 612 procul
616 548 700 612 puro
715 548 859 614 annaque
868 526 1032 613 probando

200 628 273 694 Non
289 629 398 693 uvidas
413 627 548 692 inhiavit
565 649 654 711 opes;
677 651 739 692 nors
753 629 857 693 tristia
873 627 955 693 bella

201 730 266 796 Nec
269 730 402 817 funesta
417 731 503 795 timet
518 727 630 793 ualida
645 731 816 794 certamina
828 728 933 794 classis
941 755 952 807 ‚·

200 833 286 913 Non,
301 834 409 920 spoliis
424 843 458 895 ut
472 842 580 896 sancta
596 831 703 896 Deum
702 831 905 920 fulgentibus
920 844 1007 897 ornct

203 934 342 1021 Templa,
357 933 407 998 cel
419 943 535 998 evectus
539 931 642 1016 finem
657 933 857 999 transcendat
867 932 1014 1015 labendi,

198 1037 373 1103 Adversum
388 1036 472 1099 savis
486 1033 572 1099 ultro
587 1045 681 1118 caput
696 1035 832 1100 liostilrus
847 1034 959 1119 offert!

199 1131 259 1204 Illi
261 1137 354 1227 sulse
370 1135 458 1202 Deus
471 1135 599 1216 colitur‚·
610 1158 671 1200 non
687 1150 766 1216 arte,
779 1137 917 1224 politus:

200 1242 263 1308 Ille
276 1242 349 1305 colit
364 1240 467 1316 lucos,·
491 1237 540 1303 illi
558 1235 725 1303 Panchaia
741 1263 828 1319 rura,

200 1342 346 1409 Floribus
360 1353 492 1436 agrestes
506 1341 606 1406 lierba
619 1341 827 1424 variantibus,
843 1343 977 1416 adsunt,·

200 1445 259 1510 Illi
273 1445 371 1510 dulcis
385 1444 472 1508 adest
487 1444 615 1530 requies,
630 1455 660 1508 et
670 1467 754 1529 puro
769 1445 924 1530 voluptas,

200 1546 318 1612 Libera
331 1576 342 1621 ,·
363 1545 552 1630 simplicibus
567 1548 668 1611 curis:
690 1547 761 1612 liuic
774 1547 924 1628 imminet,
937 1534 1040 1613 ¹ornnes

199 1647 327 1737 Dirigit
342 1649 401 1713 lruc
415 1671 527 1728 sensus,
542 1648 604 1714 lraec
618 1671 694 1712 curo
709 1660 751 1712 est
767 1648 891 1713 subdita
906 1649 1001 1727 cordi,

200 1752 347 1822 Qualibet
364 1762 397 1815 ut
414 1752 500 1815 tenui
515 1751 600 1814 victu
615 1760 773 1816 contentus
789 1749 934 1829 abundet,

198 1852 403 1940 Jucundoque
417 1852 492 1940 liget
507 1851 689 1938 languentia
705 1851 823 1918 lumina
837 1873 951 1918 somno.

200 1953 232 2020 0
241 1956 382 2042 pecudes,
398 1977 415 2018 a
433 1954 549 2030 Panes,
569 1964 598 2018 et
613 1954 822 2040 ogratisn'rna
839 1953 961 2039 Tempe,

201 2055 322 2121 Naides
336 2079 372 2119 ac
390 2052 553 2140 Dryades:
575 2076 708 2141 quarum
722 2078 784 2119 non
798 2055 894 2121 dicits
908 2053 995 2121 cultu

170 2200 182 2213 ι
200 2156 343 2224 AErnulus
359 2156 482 2220 Ascrae
495 2167 604 2241 pastor
616 2156 676 2221 sibi
689 2158 816 2244 quisque
827 2159 925 2243 pocta

201 2259 348 2324 Securans
362 2257 488 2341 placido
503 2256 639 2321 traducit
651 2268 773 2342 pectore
787 2260 906 2324 vitant!

203 2360 331 2428 Talibus
345 2364 377 2427 in
391 2361 500 2426 studiis
516 2360 627 2426 baculo
642 2361 819 2428 domninus
834 2363 950 2448 agresti

165 2497 167 2509 =
198 2462 319 2529 Pastor
333 2465 400 2551 agit
415 2486 515 2544 curus,
538 2474 567 2529 et
582 2462 667 2543 dum,
683 2485 745 2528 non
759 2476 827 2529 arte
840 2486 980 2542 canorus,

198 2565 368 2652 Compacto
383 2565 507 2630 solitum
522 2564 701 2628 modulatur
716 2565 868 2631 arundine
879 2588 1022 2642 carmem

198 2666 309 2733 Tendit
313 2670 386 2754 jam
402 2678 519 2732 evectus
533 2667 639 2731 radios
656 2665 845 2754 Hyperionis
860 2667 966 2745 ardor,
1237 2667 1302 2732 100

196 2768 381 2856 Lucidaque
397 2769 525 2836 attereo
537 2771 626 2853 ponit
640 2769 821 2835 discrimina
834 2769 972 2844 mundo,-

199 2870 271 2941 Qua
276 2872 364 2959 jacit
383 2870 540 2935 Oceanum
543 2870 694 2953 flammas
708 2871 742 2935 in
756 2882 918 2958 utrumque
932 2893 1080 2936 cornacus.

239 2974 283 3039 Et
291 2975 364 3058 jam
379 2975 596 3058 compellente
612 2994 710 3057 vagas
725 2981 859 3060 pastore
874 2976 1015 3058 capellas

197 3076 289 3141 lone
302 3078 500 3139 susurrantis
515 3077 678 3160 repebant
691 3076 735 3140 ad
750 3076 838 3141 vada
850 3077 1008 3160 lymphae,

195 3176 283 3255 Quae
299 3177 412 3240 subter
425 3176 563 3239 viridem
579 3179 755 3242 resonabat
768 3178 901 3259 garrula
913 3197 1085 3243 muscum:
1237 3177 1303 3241 105

197 3274 274 3340 dum
289 3274 404 3339 medias
419 3296 541 3357 operum
554 3289 659 3358 partes
673 3287 791 3341 evectus
805 3287 873 3340 erat
889 3275 966 3340 Sal:
1305 3294 1308 3299 ¹

196 3374 277 3443 Cum
293 3374 401 3439 densas
412 3385 519 3459 pastor
530 3375 657 3458 pecudes
673 3376 801 3462 cogebat
813 3379 847 3442 in
862 3378 997 3456 umbras,

196 3473 244 3542 Et
255 3478 366 3563 procul
379 3477 495 3562 aspecit
511 3478 579 3541 luco
595 3479 742 3543 recubare
755 3479 881 3558 virenti,
949 3518 952 3523 ·

196 3577 295 3644 Delia
311 3577 412 3658 Diva,
430 3589 502 3644 tuo:
527 3601 586 3665 quo
602 3579 756 3664 quondam
769 3579 974 3665 oictufnrore

201 3677 292 3745 Venit
310 3678 489 3768 Nyctelium
493 3680 627 3769 fugiens
643 3680 786 3748 Cadmeis
800 3682 911 3769 Agaue
1236 3686 1310 3754 110*

693 3866 799 3919 Nom

227 3974 270 4024 Ab
287 3992 311 4027 v.
329 3981 362 4026 78
382 3977 443 4027 inde
461 3977 674 4044 interpolationes
685 3994 728 4028 vs·
799 3979 1018 4043 Interpolationes
1039 3979 1166 4028 variorum
1195 3978 1254 4028 inde
1284 3995 1300 4028 s

195 4049 304 4111 riorum
332 4054 423 4102 saltem
450 4068 524 4104 novoe
553 4061 614 4106 sunt
642 4067 728 4106 acces·
766 4070 792 4105 v.
816 4059 872 4118 106,
897 4055 953 4106 alins
976 4056 1120 4120 praelarus,
1145 4061 1174 4105 at
1194 4072 1218 4105 v.
1241 4060 1297 4106 114.

194 4125 279 4177 sioms
289 4143 315 4176 v.
328 4132 368 4178 85.
379 4133 411 4179 ⁰³
421 4135 541 4196 etwsq.
767 4134 824 4182 llo.
850 4134 898 4181 110
920 4146 960 4197 sq.
1002 4135 1049 4182 1³2
1068 4146 1119 4198 sq„
1146 4132 1203 4183 alin
1225 4131 1297 4184 dete·
