2730 4686
127 271 214 343 lilii
472 283 505 332 r.
529 282 693 332 vinetum
717 282 885 331 nannurs

128 429 262 513 Saepius
277 429 434 512 arripiens
448 425 632 509 infringere,
649 426 736 508 quod
752 443 814 490 sna
827 426 1006 508 quisquam
1171 424 1237 490 175

128 527 185 593 Ad
198 531 287 592 vada
300 530 465 594 venisset:
488 533 613 609 natiuae
630 531 803 609 comparat
819 545 932 605 arma;

83 671 91 679 -
127 628 234 694 Ardet
247 637 367 706 mente,
382 629 462 693 furit
475 627 685 705 stridoribus,
697 629 823 692 intonat
837 646 914 706 ore;

128 730 291 796 Flexibus
305 731 429 794 eversis
444 735 613 813 torquetur
628 731 777 812 corporis
791 731 889 793 orbos
905 749 915 807 ;

130 829 272 895 Manent
286 834 474 914 sanguineae
488 850 547 915 per
561 836 687 894 tractus
701 831 846 913 undique
861 835 961 910 guttae
974 849 983 908 ;
1038 885 1045 910 ,

129 931 274 1015 Spiritus
289 940 322 997 et
335 934 456 1016 rumpit
469 933 593 996 fauces.
638 931 703 996 cui
719 939 840 996 cuncta
854 930 985 1014 paranti
1170 927 1235 991 180

107 1042 114 1055 '
128 1034 295 1098 Parvulos
309 1033 394 1097 bunc
408 1035 498 1116 prior
511 1034 657 1098 humoris
672 1038 832 1097 conterret
844 1033 1007 1106 alumnus,

129 1133 175 1199 Et
189 1141 328 1199 mortem
341 1137 446 1198 vitare
459 1140 569 1198 monet
581 1153 640 1218 per
654 1134 820 1198 acumina.
866 1130 1034 1214 Namque,

29 1240 33 1247 “
130 1234 209 1312 Qua
224 1235 358 1299 diducta
373 1254 474 1316 genas
489 1234 682 1318 pandebant
694 1235 820 1298 lumina
832 1250 981 1317 gemnns,

130 1334 209 1400 Hac
225 1336 362 1399 senioris
376 1343 448 1400 erat
461 1342 588 1400 naturae
602 1337 728 1421 pupula
741 1337 806 1400 telo

587 1501 615 1517 u
617 1500 779 1519 ΙΙΙΙΙΙΙΙΙΙΙ

128 1595 217 1631 vetans
229 1581 339 1644 pessime
350 1594 423 1630 cusos
435 1594 467 1627 ex
478 1581 594 1644 margine
605 1579 739 1644 irrepsisse
750 1579 875 1644 suspicor.
892 1581 966 1630 Mai
974 1579 1238 1656 isteaderedtfflsdeae

127 1648 190 1711 (pro
200 1645 310 1709 simplici
323 1643 447 1705 intendit)
465 1645 565 1706 lentim
575 1649 607 1706 et,
616 1645 830 1707 npiasarripiess
839 1644 908 1694 mon
917 1650 983 1695 torno
999 1650 1070 1710 (quer
1087 1645 1136 1708 ipat
1151 1645 1238 1707 obvia,

129 1715 260 1760 antaeum
272 1717 373 1759 torvum
383 1717 531 1772 serpentem
542 1709 635 1771 posita,
642 1711 729 1766 eraut)
737 1707 869 1771 iufringere
877 1710 917 1773 (ut
926 1708 1090 1772 infringeret,
1096 1717 1236 1772 propterea

130 1773 200 1839 quod
219 1775 293 1837 ete),
311 1777 432 1836 comparat
447 1788 515 1822 maro
531 1776 633 1821 muro.
665 1771 726 1822 Non
739 1773 805 1822 tanti
816 1781 857 1823 est
869 1775 947 1833 loeus,
957 1781 987 1823 ut
998 1773 1156 1836 conjecturis
1166 1774 1192 1821 in
1203 1788 1236 1822 eo

129 1837 273 1902 induigeas.
305 1839 385 1887 Forte
397 1847 483 1886 tamen
498 1836 566 1886 luit:
583 1836 670 1886 sator
688 1835 890 1899 taatm'lnmtm
910 1839 935 1886 di
1062 1837 1173 1898 intenta,
1190 1852 1236 1886 ore

129 1901 198 1953 obuio
208 1909 274 1952 toruo
284 1900 376 1966 &piar
385 1901 504 1964 arripiens
525 1902 669 1951 t-mn
687 1907 806 1965 comparui
815 1916 892 1951 arran.
952 1912 1035 1951 tssne
1042 1901 1117 1951 Voss.
1126 1907 1238 1957 mm,-

131 1967 200 2017 unde
216 1967 259 2018 Jo.
277 1967 413 2016 Schrader.
430 1970 558 2015 meimet
573 1981 593 2015 c.
626 1965 658 2014 lu
669 1963 765 2016 Aldina
774 1973 802 2015 et
812 1965 872 2016 hinc
884 1969 910 2016 iu
922 1966 981 2015 edd
993 1966 1100 2015 Fabrie.
1132 1965 1237 2014 Iumina

129 2032 155 2081 d.
167 2031 279 2095 intentu,
289 2036 313 2079 et
324 2047 346 2080 o.
359 2036 378 2080 l.
390 2044 513 2079 excusum
524 2029 608 2078 video.
635 2028 968 2081 westmonasterio
979 2030 1072 2080 Heius.
1082 2035 1110 2079 et
1121 2029 1235 2093 accipit:

130 2095 267 2144 intendere
277 2107 389 2153 cursum,
400 2108 446 2156 pro
467 2108 539 2142 erare
559 2103 585 2143 et
599 2094 707 2144 remittit
718 2094 751 2143 ad
762 2094 812 2144 Ge.
824 2109 844 2157 ι,
854 2099 895 2144 51.
929 2093 982 2145 lni'.
1000 2097 1050 2144 880
1068 2095 1142 2144 imant
1158 2095 1236 2156 depel-

131 2158 188 2210 lere.
221 2158 288 2207 (ἔτι.
300 2158 331 2207 B.
344 2158 378 2207 G.
390 2170 424 2205 ιιι
435 2109 501 2218 ζμ
510 2129 610 2206 sodalem
618 2167 700 2219 petere
709 2159 860 2208 intenderant
880 2159 936 2208 Mse
970 2159 1236 2223 vulgomteaderttat.

130 2220 252 2284 Propert.
264 2235 284 2284 ι,
294 2225 326 2270 20
339 2223 425 2269 Oscula
434 2221 552 2284 arpennis
561 2220 683 2270 instabunt
775 2223 888 2286 epesais.
922 2194 997 2273 idern
1015 2238 1063 2286 pro
1079 2221 1148 2272 obvio
1164 2222 1235 2285 conj.

129 2274 207 2335 sibilo.
241 2285 319 2334 Forte
339 2284 387 2333 boc
407 2284 489 2333 voluit
503 2284 662 2334 substituere
679 2300 757 2349 pano
773 2294 833 2336 ante
850 2302 897 2350 pro
913 2287 1011 2336 ὶιιιιιίιισ.
1043 2286 1086 2338 do.
1098 2285 1234 2336 Schrader.

131 2349 351 2413 contentarum
360 2346 503 2412 diffundere.
535 2348 602 2396 Tum
623 2363 649 2398 r.
671 2354 718 2400 llll
739 2349 871 2411 iv'readere
890 2359 954 2402 vett.
971 2350 1031 2402 edd.
1048 2351 1181 2414 expulsum
1201 2349 1235 2398 ab

131 2412 246 2463 Aruleno
257 2420 284 2462 et
295 2428 310 2461 a
323 2413 431 2474 Rembo,
449 2422 477 2462 st
488 2410 622 2462 deferam
634 2429 649 2462 a
659 2413 801 2479 scaligero,
821 2415 927 2465 Bnrthio
945 2421 974 2464 et
991 2415 1174 2465 Taubmcnno:
1192 2422 1234 2463 est

132 2477 262 2554 antiquior
273 2491 325 2526 ron
335 2476 426 2527 eodem
437 2491 520 2526 sensu.
552 2475 668 2541 Scaliger
678 2479 756 2528 etlam
767 2479 937 2529 emendabat:
954 2495 1073 2543 arrepens.
1095 2478 1242 2529 Ascensins.

131 2541 250 2606 meas
260 2542 378 2606 legeram
395 2556 454 2590 narn
465 2542 502 2591 sic
513 2540 717 2606 interpretatur:
735 2543 831 2594 lumina
847 2544 983 2594 intendere
999 2543 1105 2609 (erepit)
1121 2552 1148 2593 et
1166 2542 1236 2591 abri-

131 2606 207 2672 piens
224 2607 318 2671 sapius
336 2606 415 2656 obvia
434 2613 507 2655 torvo
526 2614 633 2718 aspectu
651 2605 900 2660 infrendere—lii.
912 2609 998 2658 Etiam
1015 2610 1059 2658 hie
1075 2623 1134 2657 curn
1150 2606 1235 2656 tribua

132 2685 207 2736 seqq.
219 2684 299 2722 veras.
311 2671 377 2721 iuter
388 2670 508 2720 insititlos
520 2685 547 2719 re
561 2671 680 2722 erendus.
711 2672 789 2722 Prior
805 2673 909 2738 quidem
929 2677 975 2724 177
993 2679 1045 2721 um
1056 2671 1175 2722 inficetas
1186 2678 1237 2733 est,

132 2742 163 2786 ut
183 2735 261 2784 etlam
281 2736 387 2785 Bartbio
405 2734 516 2784 Advers.
535 2747 594 2794 xxi,
614 2741 645 2785 18
667 2745 803 2800 stupentur
823 2736 911 2788 fuerit.
943 2737 987 2790 Ju.
1001 2736 1136 2787 Schrader.
1148 2741 1235 2784 tumen

132 2806 218 2851 tentat
230 2817 236 2847 ε
255 2799 348 2849 Strblet
358 2801 398 2849 vel
412 2800 514 2849 Frendtt
524 2800 594 2849 dente
604 2805 628 2848 et
637 2801 828 2852 insuat—llil.
841 2801 955 2851 Mine
964 2801 1051 2850 eosrsia
1060 2815 1093 2849 ex
1103 2799 1199 2849 Aldina
1207 2808 1235 2848 et

133 2864 328 2922 aBemboea13
345 2879 394 2913 nee
413 2865 488 2927 capio
507 2863 576 2912 satis.
610 2863 735 2916 Debebat
749 2866 903 2915 ornarant
915 2865 983 2916 eliud
996 2864 1127 2929 qttidlegi.
1160 2865 1236 2914 Vett.

131 2927 194 2979 edd.
228 2928 341 2978 Flexidro
357 2933 380 2976 et
398 2929 480 2990 como,
499 2929 523 2976 b.
536 2942 581 2977 seu
591 2929 756 2980 circumactis
772 2944 818 2980 sen
830 2931 953 2990 variatim
968 2931 1017 2979 boc
1027 2929 1178 2979 tenebimus.
1211 2932 1236 2977 et

132 2993 196 3048 aerei
215 3006 265 3040 em.
282 2991 324 3042 do.
344 2991 477 3041 Schrader.
510 2991 574 3041 orbis
607 3007 637 3042 ro
654 2993 730 3044 orbes
740 2995 861 3058 accipere
873 3001 989 3058 praestat,
999 3001 1028 3044 ut
1038 2993 1120 3057 magis
1131 2991 1236 3056 po'e'tiea

132 3057 168 3106 sit
179 3056 260 3105 oratio
271 3071 278 3104 r
295 3070 389 3118 serpeus
399 3060 520 3119 torquetur
529 3007 613 3118 (rard)
622 3073 643 3107 r.
653 3056 720 3106 orbes
727 3057 793 3172 ἐν.
806 3058 896 3108 Helua
907 3059 977 3123 eonj.
1003 3056 1238 3120 lieeiiasetspissio

132 3124 254 3184 torquetur
368 3121 471 3182 (saltem
483 3120 543 3169 deb.
554 3121 649 3183 corpas)
662 3122 727 3171 istor

134 3188 282 3236 tta-tuo.
333 3182 399 3232 ’ritas
409 3189 433 3231 et
443 3184 532 3245 rumpit
538 3182 623 3242 suares
633 3186 752 3236 revocati
763 3201 778 3236 e
791 3194 865 3250 reth,
874 3189 899 3239 b.
911 3188 1046 3238 anhelitus.
1065 3188 1133 3236 Nam
1143 3185 1235 3235 Bemb.

133 3246 266 3313 Spirilibns
274 3248 363 3311 rumpit
371 3246 465 3321 surices.
499 3247 589 3299 Heius.
607 3263 656 3300 ern.
675 3248 783 3364 §dm
884 3254 901 3302 't
913 3252 939 3312 s.
974 3251 1027 3307 Quo
1043 3254 1236 3312 metoparum

134 3310 270 3427 llqpendum
281 3318 370 3361 monet
380 3319 408 3361 et
417 3313 527 3361 illustrat
538 3314 661 3379 Scaliger.
711 3314 736 3364 ie
748 3266 996 3380 Jamwllscens.
1031 3315 1083 3370 Quo
1096 3331 1118 3363 e.
1129 3313 1235 3376 pernati.

164 3391 189 3426 tc
202 3375 299 3426 veroin
312 3375 461 3439 gratissimo
472 3379 626 3428 narrationis
636 3386 766 3430 momento
776 3380 849 3430 nimis
861 3381 956 3443 brevis,
973 3380 1098 3430 teuniset
1109 3377 1183 3428 exilis
1195 3385 1238 3426 est

134 3441 223 3506 poita.
257 3441 299 3490 De
318 3440 407 3491 Cullee
424 3439 562 3491 advolante
581 3450 609 3493 et
627 3443 725 3508 pastori
741 3445 891 3497 consulente
902 3442 1113 3496 loensornandus
1125 3449 1182 3490 erat
1194 3441 1235 3490 rel

134 3506 254 3556 maxime.
287 3505 372 3554 Sensit
384 3505 449 3554 sorte
461 3512 488 3553 et
499 3506 599 3569 iterna,
615 3509 658 3557 cul
677 3522 766 3559 versus
785 3525 849 3560 unus
865 3516 894 3559 et
910 3511 977 3559 alter
986 3508 1076 3557 abesse
1087 3506 1235 3556 videbatur.

134 3571 233 3622 Saltem
243 3570 354 3620 cointius
365 3567 451 3618 toret:
470 3570 524 3624 Quo
541 3577 624 3620 macta
640 3578 741 3636 perante
760 3575 877 3624 Paeonias
892 3573 1121 3636 hamomspostorera
1130 3575 1237 3619 exterret

135 3634 399 3686 alem.—181.Ed.
412 3634 584 3712 antulium:
600 3636 696 3701 propior
705 3638 821 3701 humor,
838 3639 880 3688 vel
893 3638 961 3702 prior
975 3637 1089 3686 nmmos.
1122 3634 1236 3707 Omnino

135 3699 426 3815 :tltulltiliit
442 3699 1039 3826 ι’ιῗὶιε11.-”ἴι.ῒ”ι.111;’ἓὲιέὲιι;
1055 3704 1175 3825 ms
1183 3712 1235 3872 fi

136 3829 287 3892 punctione,
306 3829 360 3878 ictu
375 3829 466 3879 settlei.
499 3829 582 3878 Vetus
591 3827 670 3877 lectio
679 3838 737 3880 eret
748 3849 755 3882 ι
769 3847 814 3895 per
822 3831 923 3882 ιιιὸκὶιιιι
933 3846 1039 3894 mque,
1050 3830 1111 3885 Qua
1123 3829 1180 3876 Pte
1194 3834 1236 3875 ert

136 3893 202 3942 banc
220 3892 289 3943 Scall
308 3907 346 3955 er,
365 3901 393 3943 ut
413 3895 464 3943 sint
483 3892 540 3958 rpdr
587 3911 603 3955 r,
620 3898 734 3958 tmpore,
750 3904 779 3947 et
795 3896 936 3946 seeundum
952 3911 1011 3945 enm
1022 3891 1235 3944 Barthrldvers.

137 3968 198 4019 ιιι,
215 3961 256 4006 18.
327 3959 427 4007 censius
447 3959 483 4008 sie
504 3960 548 4009 red
568 3958 643 4009 ebat:
661 3973 713 4022 qua
732 3969 808 4024 parte
826 3961 894 4011 oculi
909 3961 995 4025 aperti
1011 3974 1059 4024 per
1074 3955 1236 4007 summitates

137 4020 288 4082 aperiebant
298 4021 367 4071 sinus
377 4023 509 4072 oculorum
521 4023 624 4100 pupillis
635 4022 662 4073 in
672 4036 769 4074 morem
781 4039 938 4089 gemmarum
950 4022 1132 4074 relucentibus.
1146 4019 1236 4069 liuns.

133 4082 267 4146 jungenda
277 4091 381 4134 monet:
397 4101 441 4149 per
449 4103 559 4137 maman
569 4102 675 4152 amque,
685 4093 713 4137 ut
723 4085 748 4137 itt
760 4095 826 4139 vett.
836 4089 897 4139 edd.
908 4095 973 4139 erat.
1007 4089 1099 4147 Recte,
1115 4085 1162 4134 sed
1173 4081 1235 4148 quid

138 4154 192 4197 tum
204 4145 237 4196 de
248 4148 368 4211 reliquis?
383 4165 426 4211 per
436 4151 538 4202 mindun
548 4152 567 4203 f.
575 4153 815 4218 peroptata-tes.
837 4157 891 4204 184.
912 4151 1040 4206 Bembina
1054 4150 1142 4214 lectio,
1157 4160 1236 4214 quarn

767 3158 774 3172 .
807 3123 870 3172 Mox
882 3127 1090 3187 tropertractm,
1101 3130 1130 3170 ut
1141 3121 1191 3171 Ge.
1205 3134 1237 3182 ιι,
