2730 4686
625 302 767 357 CULRX.

148 449 312 521 Auditum
324 452 428 538 lyram
443 449 578 518 tenuisti
591 457 686 518 nocte
699 450 825 515 relicta.

149 556 237 622 Haec
252 557 370 620 eadem
383 556 494 639 potuit
507 553 599 619 Ditis
612 557 647 618 te
660 553 794 618 vincere
808 549 945 636 conjux,

148 656 402 741 Eurydicenque
415 656 500 720 ultro
513 653 699 719 ducendam
712 653 858 717 reddere.
903 650 982 715 Non
994 649 1060 730 lus,

149 756 228 820 Non
243 763 314 820 erat
328 758 361 819 in
375 757 479 820 vitum
494 755 596 820 Divae
610 754 781 818 exorabile
794 772 923 818 numen.

149 859 213 923 Illa
226 858 372 942 quidem,
388 857 528 920 nimium
543 855 662 918 Manes
674 860 815 938 experta
828 875 973 934 severos,

148 959 359 1042 Praeceptum
373 958 528 1039 signabat
540 958 616 1037 iter;
638 976 700 1021 nec
713 957 825 1022 retulit
836 959 923 1022 intus

148 1059 298 1137 Lumina,
311 1080 372 1124 nec
388 1060 488 1124 Divae
503 1061 648 1142 corrupit
660 1079 793 1124 munera
805 1060 929 1141 lingua.
1185 1053 1251 1122 290

149 1160 216 1224 Sed
231 1168 267 1226 tu
282 1163 434 1240 crudelis,
450 1162 591 1226 crudelis
606 1167 642 1226 tu
654 1163 774 1244 magis,
790 1161 938 1245 Orpbeu,

150 1261 276 1327 Oscula
290 1282 368 1327 cara
380 1271 494 1347 petens
508 1264 624 1345 rupisti
635 1262 735 1345 jussu
750 1263 908 1328 Deorum.
928 1253 929 1257 ¹

149 1363 278 1445 Dignus
293 1365 505 1441 amorreum,
520 1382 660 1446 parvum
675 1364 704 1426 si
718 1362 858 1426 Turtam
871 1367 1005 1426 nossent

149 1464 329 1530 Peccatum
342 1465 520 1547 ignovisse.
566 1461 635 1526 Sed
649 1466 682 1525 et
694 1481 757 1527 vos
771 1462 848 1525 sede
862 1463 1004 1545 piorum,

610 1624 771 1646 ΙΙΝΝΟΜΟ
774 1625 788 1645 Ι

148 1723 221 1773 Voss.
233 1729 262 1775 et
272 1724 457 1774 Petam-aut.
473 1729 539 1773 node
549 1725 636 1774 relecta
648 1690 880 1787 conjssnlsrklsnd.
892 1723 925 1774 ad
936 1722 1047 1774 Statium
1058 1737 1085 1788 p.
1102 1723 1254 1775 estem

150 1791 206 1838 887.
224 1789 279 1837 Nou
290 1788 342 1851 fus,
353 1788 409 1837 Noa
418 1793 470 1838 erut
480 1789 506 1837 in
516 1789 592 1837 vitun
603 1788 799 1841 Diroeeuorult'ie
809 1789 903 1838 Numen
915 1788 1041 1838 Bembina
1052 1786 1145 1837 lectio:
1162 1785 1191 1837 ln
1201 1799 1253 1851 qua

148 1865 198 1901 non
210 1858 312 1901 constat
322 1853 460 1901 verborum
476 1852 613 1902 sententia
646 1853 729 1901 Vetus
739 1853 819 1902 lectio
832 1859 903 1902 erat:
922 1853 979 1901 Nos
989 1856 1041 1900 erut
1051 1852 1076 1900 ia
1086 1851 1161 1900 staur
1171 1849 1255 1913 nea,

148 1917 189 1965 vel
205 1916 277 1979 Dice,
286 1923 315 1966 et
325 1917 350 1965 iu
362 1914 457 1965 Aldina
466 1917 536 1979 dire,
551 1915 669 1965 aorubiie
677 1917 774 1965 mortis:
792 1916 860 1981 quod
872 1923 899 1966 et
909 1917 1002 1965 Peter.
1012 1916 1102 1965 babet.
1134 1912 1253 1978 Arripuit

149 1980 265 2044 Scaliger
274 1981 335 2028 dtroe
344 1995 365 2029 e.
377 1982 468 2040 mortis,
478 1994 526 2029 nec
536 1979 661 2044 expedito
672 1985 759 2030 tumen
767 1981 829 2029 satis
840 1995 924 2030 sensu.
961 1980 1030 2029 Puto
1041 1977 1158 2028 fraudem
1168 1978 1253 2028 latere

148 2044 174 2093 in
185 2045 210 2093 in
221 2045 304 2093 ritum
338 2045 426 2107 legor
440 2043 502 2093 lloee
512 2044 807 2108 eudem-Eurydicenque
817 2046 880 2094 ultro
890 2046 1017 2094 dueadum
1027 2046 1123 2093 reddere
1133 2039 1254 2106 (scafa,

150 2109 205 2156 Non
222 2114 283 2170 nat,
298 2108 424 2170 invitm,
443 2108 515 2157 Dicoe
526 2108 645 2157 aorubile
658 2108 760 2157 mmm!
792 2109 818 2158 b.
837 2114 867 2158 ut
882 2110 1040 2174 jungantur:
1058 2106 1130 2158 Ditis
1149 2105 1254 2172 ecula,

151 2172 227 2221 Dirce
239 2172 398 2222 inexorabile
409 2187 512 2235 numen,
528 2180 556 2221 et
567 2173 652 2236 potuit
669 2172 829 2235 Proserpina
839 2174 985 2237 Eurydicen
1001 2171 1182 2222 abducendum
1196 2168 1256 2221 rad·

150 2235 211 2285 dere
224 2238 307 2296 ultr03
324 2251 375 2286 non
387 2236 455 2284 enim
467 2234 507 2286 fas
518 2243 584 2297 erat,
593 2235 700 2285 invitum
720 2237 849 2286 reddere:
866 2253 916 2288 non
927 2237 986 2302 cogi
1006 2243 1119 2300 poterat,
1133 2242 1164 2285 ut
1173 2233 1255 2287 inulta

151 2301 260 2351 reditum
270 2301 354 2349 duret.
389 2300 515 2349 Precibus
527 2308 614 2349 tamen
625 2300 669 2349 illa
680 2303 782 2351 exorari
793 2307 889 2377 potest.
924 2304 959 2352 Et
968 2317 999 2351 eo
1011 2299 1067 2350 fere
1078 2296 1255 2351 tenditlectlo

150 2364 244 2414 vitiosa
259 2366 285 2414 in
302 2364 362 2413 edd.
376 2366 482 2414 Arcena.
493 2380 547 2413 aura
560 2363 604 2425 sus
622 2365 679 2414 Nou
690 2371 742 2414 erut
753 2366 861 2428 mum,
878 2382 920 2416 aec
936 2367 1008 2416 nica
1028 2365 1146 2414 acrubilc
1162 2362 1255 2414 marth.

150 2429 236 2478 Acute
254 2427 346 2478 Heius.
357 2429 408 2477 uiro
419 2444 467 2504 pro
477 2430 548 2477 altro.
583 2428 648 2479 Post
660 2430 744 2478 omniu
755 2436 840 2479 tamen
852 2429 908 2480 brec
925 2446 976 2481 ras.
987 2434 1045 2489 888,
1062 2433 1086 2478 t.
1105 2443 1153 2493 pro
1164 2424 1255 2479 dude

149 2490 334 2542 habeo-289.
345 2497 402 2542 298.
421 2497 486 2541 enter
496 2493 593 2541 limina
608 2500 674 2542 vett.
686 2491 756 2554 edd„
775 2501 803 2543 et
823 2495 1002 2543 mortiterum:
1021 2508 1063 2542 aec
1077 2495 1101 2542 d,
1122 2510 1143 2541 c.
1162 2491 1255 2543 linias·

151 2557 236 2606 Etiam
252 2557 368 2621 Scaliger
378 2557 482 2620 corrupit
494 2557 576 2605 limina
587 2555 688 2619 profert
699 2571 714 2604 e
725 2557 833 2606 membr.
868 2557 995 2607 &titiana
1005 2565 1033 2606 et
1044 2555 1164 2620 praefert:
1183 2561 1256 2606 retu·

150 2623 299 2680 eratenim,
317 2621 410 2686 inquit,
421 2620 577 2683 Proserpina
595 2620 665 2684 loqui
684 2620 752 2669 intra
769 2621 858 2668 limina
874 2629 902 2670 et
920 2621 1059 2684 respicere.
1101 2619 1254 2670 Bembluam

151 2691 236 2734 umen
247 2685 386 2733 lectionem
397 2686 517 2733 deserere
528 2684 618 2732 nolim:
631 2699 714 2731 mnus
724 2684 874 2747 Proserpinae
885 2693 943 2734 erut
953 2685 1027 2733 venia
1039 2685 1101 2731 data
1112 2684 1257 2795 relinguu-

151 2746 352 2808 dilectiorem
365 2748 463 2797 reditus
474 2748 500 2796 in
511 2749 601 2796 vitam.
617 2747 677 2800 ,Illa
688 2763 733 2795 ouri
742 2749 848 2810 corrupit
859 2763 951 2809 munus,
959 2763 1009 2796 non
1019 2747 1120 2796 irritum
1132 2744 1178 2795 red
1197 2744 1257 2805 idle,

152 2813 242 2889 liugas,
252 2812 388 2888 loquendo.
421 2813 473 2861 Ma.
489 2811 587 2860 Koeler.
600 2825 703 2873 prorsus
713 2820 862 2886 'corruptcr
873 2812 983 2874 lamma,
994 2827 1046 2874 Μ
1059 2811 1131 2860 Dirc
1140 2825 1182 2860 see
1238 2809 1245 2822 ‘

151 2891 254 2992 letti
264 2876 1258 3014 dulillffllsslliii‘lffill.ffliffiffiiffimffl

151 3005 303 3068 nimgruue.
347 3009 371 3053 et
381 3019 421 3052 uos
432 3018 466 3061 s.‚·
481 3004 517 3052 sic
530 3013 557 3053 et
569 3004 662 3053 Petav.
675 3011 703 3053 et
716 3005 800 3066 Voss,
810 3004 858 3052 ursi
870 3006 937 3069 quod
952 3009 1053 3067 murat,
1064 3011 1091 3053 et
1108 3008 1152 3053 cst.
1184 3015 1256 3056 ute.

152 3069 267 3134 Scaliger
278 3073 397 3117 veterum
408 3068 547 3116 lectionem
563 3066 671 3132 prefert
681 3078 709 3118 et
720 3068 895 3132 interpuuglt:
911 3074 1009 3131 putam
1019 3068 1040 3116 si
1052 3068 1080 3118 Τ.
1091 3071 1185 3117 acam
1197 3064 1258 3117 Psc-

151 3139 228 3182 cataur
237 3131 377 3182 memiaioee.
412 3132 505 3180 Gruoe:
521 3137 546 3180 ut
557 3146 611 3189 vos‚·
627 3147 729 3181 sensum
747 3139 833 3182 tumen
846 3134 967 3193 nonsatis
979 3132 1012 3182 ad
1028 3132 1152 3198 liquidum
1164 3129 1258 3196 perd!-

152 3198 196 3262 cit,
207 3211 268 3247 mox
278 3203 366 3246 autem
383 3200 517 3245 emendat:
535 3197 662 3247 Peccatum
673 3197 748 3246 nunus
759 3212 815 3247 csse.
849 3197 932 3262 Atqui
949 3198 1063 3262 iniquum
1079 3204 1120 3247 est
1136 3197 1258 3264 desum

654 3317 761 3370 NOTAE

153 3427 236 3478 cursu,
247 3430 298 3482 qno
310 3423 414 3465 noctem
425 3413 516 3476 efficit,
527 3415 603 3479 regit.
637 3418 684 3464 888
726 3415 763 3467 sic
775 3417 855 3481 poeta
865 3431 915 3467 non
926 3417 1003 3468 modo
1020 3418 1127 3481 Orpheo
1138 3413 1258 3467 iniudic-

153 3495 241 3541 -888,
259 3493 326 3541 Huc
347 3492 438 3540 eadem
461 3493 525 3553 lyra,
549 3507 565 3538 o
591 3491 686 3553 conjux
726 3501 790 3557 tum,
806 3509 839 3544 ue
856 3496 1152 3558 retrospiceret‚rerum
1170 3499 1197 3544 ct
1213 3506 1259 3544 uo·

154 3565 231 3630 Ditis,
241 3569 326 3629 potuit
343 3575 371 3617 tc
388 3568 501 3630 vincere,
518 3573 548 3614 ut
565 3565 686 3613 redderes
725 3583 783 3616 ram
802 3570 883 3632 legem
903 3569 1040 3633 Eurydice
1060 3570 1146 3618 datam
1164 3578 1258 3618 memo·

154 3641 306 3706 Eurydicen.
340 3645 389 3693 lroec
401 3643 481 3708 potuit
493 3643 599 3702 reddere,
611 3640 686 3689 solito
725 3650 838 3707 rat,qua
856 3654 957 3693 nostros
978 3644 1070 3705 poetas
1089 3641 1201 3692 nondum
1216 3640 1258 3692 uti

154 3717 237 3783 po'e'tb
246 3733 328 3784 more,
345 3719 458 3784 efficere,
476 3726 504 3769 nt
522 3717 684 3767 redderetur.
725 3717 793 3766 ridi:
809 3723 837 3765 at
854 3733 894 3766 sec
912 3719 955 3766 iliu
969 3717 1088 3771 silmas
1102 3732 1157 3765 soce
1166 3729 1258 3781 nqe-

152 3795 287 3857 daeeaduar,
300 3794 474 3846 reducendam
484 3794 509 3841 in
520 3794 611 3843 vitam.
724 3798 777 3842 ret:
799 3808 856 3857 qaue
883 3794 924 3841 les
946 3794 1021 3855 lunge
1043 3792 1177 3840 «tutissima
1197 3789 1258 3851 fnit,

184 3875 234 3922 888
251 3872 381 3935 Eurydice
401 3871 505 3933 quidem
523 3883 641 3918 severum
658 3875 686 3919 et
726 3878 820 3935 utpote
838 3868 950 3920 ioeminoe
971 3867 1050 3917 dieta.
1093 3867 1151 3915 Fuit
1171 3875 1258 3919 tam

153 3948 271 3998 strictum
285 3950 330 4013 jus
346 3947 486 3996 interorum
503 3949 616 3996 ilcorum
630 3947 686 4010 jam
727 3949 771 3997 illa
782 3947 862 4011 iringis
873 3959 978 4007 compos
993 3944 1095 4006 liuguae,
1113 3957 1189 4008 quarn
1205 3955 1258 3994 m·

154 4032 270 4087 experta,
286 4026 338 4074 iter
349 4024 502 4087 prescripto
520 4022 594 4072 ruodo
610 4021 687 4072 facie·
727 4023 791 4072 ritus
808 4022 909 4073 anione.
953 4021 1049 4083 sinere
1067 4022 1123 4085 iter,
1141 4018 1258 4087 vestigiis

155 4097 208 4162 bat,
225 4114 319 4165 neque,
330 4101 369 4149 uti
385 4100 451 4163 jussi
471 4106 555 4161 eraut,
571 4099 686 4162 respexit
725 4099 865 4163 impressis.

154 4176 354 4242 usqueversum
362 4177 466 4227 elocuta
476 4181 526 4227 eat.
548 4177 686 4240 Ingeniosc
757 4178 807 4226 884
824 4176 902 4227 Nunc
914 4173 995 4240 ipsum
1011 4174 1126 4239 Elysium
1141 4170 1259 4224 editoe
