2730 4686
153 350 243 430 14⁶2
649 375 773 426 ouuux

152 519 267 588 Omnia
282 521 457 588 turbinibus
469 529 540 584 sunt
555 520 674 584 conscita
684 549 695 594 ,·
706 521 782 606 jans
796 519 892 586 maris
906 519 992 586 unda

153 624 312 692 Sideribus
327 632 423 687 certat
439 643 629 707 consurgere,
639 623 772 708 jamque
786 645 914 709 superne
1023 615 1025 618 ⁴

153 724 316 812 Corripere
327 737 356 789 et
372 725 459 789 Soles
472 737 500 790 et
515 723 616 788 sidera
632 735 741 788 cuncto
757 726 915 800 minatur,-

153 827 202 893 As
216 850 304 895 ruere
318 830 351 891 in
367 842 466 891 terras
477 825 545 890 cali
549 824 678 912 fragor.
725 826 802 904 Hic,
816 826 904 892 modo
916 825 998 907 lata,

152 926 253 1020 Copia
269 954 348 995 nunc
363 929 478 993 miseris
492 928 702 992 circumdatur
715 929 913 1017 amasus,

102 1118 104 1125 μ
152 1024 395 1119 immoriturque
406 1054 495 1116 super
497 1028 619 1112 fluctus
633 1041 661 1093 et
674 1053 750 1095 susa
767 1030 928 1116 Capherei,

149 1132 308 1200 Euboicos
320 1147 349 1200 et
360 1147 534 1221 porcantes
551 1132 718 1221 AEgceaque
739 1131 804 1198 late

152 1233 296 1302 Littoru:
318 1250 383 1302 tum
405 1235 554 1324 Phrygia
564 1236 678 1321 passim
693 1260 774 1324 vago
787 1235 895 1322 prado
907 1248 1047 1323 peremta

154 1333 298 1403 Fluctuot
315 1338 414 1402 omnis
426 1338 459 1401 in
473 1358 609 1423 aquoreo
625 1337 795 1425 naoffraga
805 1338 924 1423 fluctu.

194 1436 266 1502 Hic
281 1438 341 1503 olii
354 1437 460 1504 sidunt
470 1437 593 1524 pariles
609 1440 736 1504 virtutis
750 1437 866 1503 honore

98 1602 101 1607 .
149 1536 271 1633 hiereis
285 1540 449 1628 mediisque
460 1541 514 1607 siti
528 1555 605 1610 sunt,
618 1541 739 1607 sedibus
753 1563 872 1611 ornnes:

153 1640 266 1709 Omnes
283 1641 386 1708 Romo
401 1644 491 1708 decus
504 1643 613 1729 magni
627 1665 701 1728 quos
717 1641 843 1729 suspicit
858 1642 953 1720 orbis,

120 1784 123 1795 ·
150 1740 218 1810 Hie
235 1744 329 1809 Fabii
345 1744 513 1832 Deciique,·
536 1743 586 1808 hic
601 1755 645 1808 est
660 1755 690 1808 et
705 1743 847 1808 Horatio
858 1745 973 1820 virtus,-

151 1842 218 1910 His
232 1858 261 1910 et
278 1846 371 1932 fama
388 1856 472 1909 oetus
483 1843 604 1910 nullum
615 1844 760 1929 peritura
777 1868 834 1931 per
849 1868 945 1910 avum

152 1943 291 2034 Curtius,
305 1947 337 2010 in
353 1947 459 2011 mediis
474 1945 633 2035 quondam
647 1968 736 2032 quern
757 1945 878 2012 sedibus
892 1945 977 2010 urbis

151 2043 308 2117 Devotum
325 2048 399 2112 tetri
413 2047 576 2111 consumsit
589 2046 726 2134 gurgitis
740 2045 875 2112 haustus.

153 2144 281 2213 Mucius
298 2160 326 2212 ct
336 2148 473 2234 prudens
486 2147 626 2212 ardorem
641 2170 767 2233 corpore
779 2172 895 2234 passus,

151 2247 342 2338 *Legitimu
363 2249 447 2314 cessit
464 2250 634 2335 caifrasto
648 2253 787 2334 potentia
801 2251 916 2340 regis*

153 2346 219 2417 Hie
236 2351 361 2429 Curius,
377 2349 469 2416 clara
482 2349 580 2415 socius
592 2352 716 2416 virtutis
730 2362 760 2415 et
774 2351 827 2415 ille

152 2448 326 2531 Fabricius,
342 2455 427 2518 cessit
442 2455 492 2518 cni
505 2452 771 2538 fractopotentia
790 2455 881 2541 regis.
992 2476 994 2481 ’

153 2551 234 2621 «lure
247 2556 345 2643 igitur
361 2554 436 2619 tules
451 2555 534 2620 sedes
543 2554 675 2641 pietatis
689 2552 831 2621 honorat.

151 2655 228 2721 Illis
244 2656 456 2744 Scipiadaque
470 2656 570 2738 duces,
582 2657 693 2722 denoto
708 2658 873 2743 triumphis

153 2757 276 2825 Mania
292 2782 365 2846 quos
381 2760 500 2845 rapidis
516 2759 643 2847 Libyca
661 2759 867 2847 Carthaginis
886 2759 1021 2826 horrent.

150 2860 212 2926 llli
227 2861 319 2926 laude
333 2883 388 2924 suo
404 2860 549 2947 vigeant:
574 2885 628 2949 ego
644 2862 733 2927 Ditis
746 2884 857 2946 opacos

153 2961 257 3054 Cogor
273 2964 361 3027 adire
376 2963 471 3041 lacus,
486 2964 628 3028 viduatos
644 2965 759 3029 lumine
777 2963 899 3045 Phoebi,

150 3061 331 3130 Etpastum
351 3064 597 3152 Phlegethonta:
621 3076 691 3130 otro
710 3067 909 3152 quosturnine
927 3064 1033 3131 Minos

152 3165 368 3232 Consceterato
384 3170 436 3250 pia
449 3166 597 3231 discernit
618 3167 727 3230 limina
743 3169 823 3231 sede.

152 3264 317 3356 Ergojaos
333 3292 457 3334 causum
472 3270 591 3350 mortis,
595 3271 669 3355 jam
682 3269 783 3336 dicere
795 3270 877 3349 vita,

155 3367 340 3436 Verberibus
355 3395 432 3437 savo
449 3384 564 3458 cogunt
579 3372 714 3460 ajudice
736 3371 858 3437 Purra:

153 3472 231 3538 Cum
246 3475 322 3538 mihi
337 3487 371 3538 tu
385 3476 426 3539 sis
439 3496 530 3538 causa
544 3473 633 3551 moli,
650 3498 703 3540 nec
717 3476 853 3540 canussius
864 3474 966 3539 adsis:

154 3572 218 3640 Sed
232 3576 445 3642 tolerabilibus
460 3577 542 3640 curis
555 3576 618 3641 hac
634 3577 792 3643 inmemor
808 3575 914 3648 audis:

153 3675 244 3755 Hac,
259 3701 340 3743 vana
356 3689 401 3754 ut,
418 3678 536 3763 rapidis
550 3678 718 3755 dimittens,
734 3678 852 3742 sornnio
867 3677 977 3741 ventis.

151 3778 338 3861 Digredior,
354 3800 524 3864 nunquam
536 3779 713 3844 rediturus,
756 3778 810 3843 Tu
824 3779 898 3844 cole
910 3779 1016 3845 fontes

150 3878 197 3944 Et
209 3879 333 3964 virides
347 3901 518 3946 nemorum
533 3882 648 3966 sylvas
658 3888 692 3947 st
705 3901 835 3967 pascua
847 3883 958 3947 laetus.

154 3978 199 4047 Et
210 3999 286 4044 mea
300 3980 439 4046 diffusas
452 3985 624 4066 rapiantur
638 3982 729 4055 dicta
740 4004 801 4068 por
813 4002 923 4048 aures.

366 4209 483 4263 Pessime
501 4133 799 4280 inurpoudiisiiiss.
811 4217 868 4283 wo.
881 4218 938 4267 ⁸68.
951 4218 998 4268 sn
1009 4228 1048 4280 so.
