2730 4686
303 1368 761 1439 PROBABILITER
796 1366 1186 1449 RESTITUTUS,

396 1722 474 1776 cuu
492 1721 705 1775 somnone
721 1692 1095 1775 rummommouuir.=

198 2430 396 2536 Lnsmns,
412 2456 546 2537 Octavi,
562 2459 679 2542 gracili
693 2460 884 2527 modulante
898 2462 1035 2546 'l'hulin3

197 2555 319 2643 Atque,
333 2565 372 2623 ut
385 2560 540 2637 araneoli,
557 2566 684 2625 tenuem
697 2562 913 2627 formavimus
926 2583 1052 2630 orsum:

197 2656 360 2724 Lusimus:
385 2658 446 2724 lucc
458 2671 587 2745 propter
605 2659 724 2725 Culicis
740 2673 812 2725 sunt
826 2665 966 2738 carmina
982 2664 1079 2743 dicto,

193 2757 308 2826 'Omnis
323 2772 356 2825 ut
372 2760 506 2826 historic
522 2761 700 2847 periurium
715 2773 855 2826 consonet
870 2763 955 2828 ordo.

199 2858 356 2927 Notitiam
370 2862 486 2927 ducunt
502 2886 598 2929 uoces.
645 2861 735 2928 Licet
750 2862 871 2928 invidus
886 2862 979 2927 adsit.

202 2960 347 3050 Quisquis
361 2963 420 3028 erit
435 2963 562 3051 culpare
569 2967 660 3052 jocos
677 2964 865 3052 Musamque
873 2975 1020 3049 perotus,
1046 3012 1050 3018 -

694 3117 800 3170 NOTAE

231 3222 240 3250 ¹
260 3222 324 3272 cnm
336 3236 368 3272 uc
383 3225 526 3277 tolerabilis
537 3224 640 3291 quidem
652 3223 730 3276 lectio
771 3223 804 3275 ln
820 3225 860 3288 iis,
872 3241 929 3290 quse
946 3223 1160 3289 interpolatorum
1177 3219 1303 3287 intempe»

199 3298 294 3350 Culicis
305 3301 349 3366 sit,
359 3304 479 3368 nulleque
490 3302 550 3353 inde
561 3303 662 3353 omniuo
673 3317 731 3366 per·
772 3304 856 3353 rantis
872 3310 901 3353 et
912 3303 978 3351 muln
993 3300 1133 3352 sedulitate
1147 3297 1304 3364 insoposu

199 3373 251 3440 cipi
263 3377 345 3440 possit
356 3379 490 3441 uoluptus:
509 3378 651 3442 periculum
668 3376 730 3439 feci,
771 3385 839 3441 sunt,
850 3379 919 3427 hund
934 3393 1017 3442 peuce
1035 3378 1087 3440 legi
1106 3373 1305 3439 suspicurrueli·

199 3462 230 3499 uu
241 3456 342 3500 mutulo
351 3453 408 3516 ejus
416 3453 538 3515 lectione,
549 3459 602 3501 tum
612 3467 644 3500 ex
653 3452 730 3500 libro-
770 3468 816 3503 ors
832 3454 874 3517 iis,
886 3470 942 3518 quse
956 3454 1005 3518 ipsi
1019 3460 1093 3502 eraut
1104 3448 1243 3501 commenti
1258 3463 1303 3517 pq

200 3529 430 3592 rumcorrnptelis,
441 3535 495 3578 tum
507 3543 540 3579 ex
550 3527 661 3576 uirorum
671 3526 730 3575 doc·
770 3544 826 3577 rum
837 3529 916 3579 docte
927 3544 958 3579 sc
970 3529 1044 3578 scite.
1073 3521 1302 3577 Lieebstsintlem

200 3603 731 3668 torumemendetionibusetcoujecturis,
769 3613 874 3666 operam
902 3605 956 3655 ciri
983 3604 1155 3654 commodares
1202 3600 1303 3651 νοω

199 3676 442 3743 interpolationibus
459 3694 521 3730 vero
535 3681 687 3730 charactere
702 3679 731 3727 li·
769 3678 899 3742 specimen
911 3693 1055 3742 proponere
1066 3678 1200 3737 solebam
1212 3676 1302 3740 inquo

199 3758 313 3804 tertuum
340 3754 443 3805 diverso
471 3757 576 3820 notatis,
600 3757 730 3807 exiturum
770 3753 933 3819 expoliendo,
941 3749 1303 3818 impugnansqoetendenus,

199 3836 268 3882 esset
286 3845 402 3894 carmen,
422 3830 491 3895 quod
513 3831 568 3881 sine
589 3828 730 3881 offensione
771 3830 815 3896 qni
824 3828 914 3892 volnt,
924 3828 1028 3892 ingenis
1039 3827 1191 3876 exerceant!
1219 3822 1302 3876 Lusus'
1318 3830 1330 3840 “

199 3904 249 3970 legi
270 3906 360 3970 possit
404 3907 449 3956 lle
468 3920 518 3955 non
540 3919 627 3955 ornnes
647 3912 730 3955 muts·
769 3906 866 3971 ingenii
877 3906 956 3956 ethic
967 3913 1032 3955 esto.

199 3980 282 4032 tiones
302 3989 425 4046 pruture
441 3988 487 4031 snt
504 3981 731 4045 versmucgenni·
803 3987 943 4048 mtseqq.
958 3986 1027 4033 ctll
1040 3995 1097 4046 sqq.
1130 3975 1303 4044 Interpulutio

199 4067 258 4106 usus
282 4057 423 4108 lectionem
458 4056 554 4121 ubique
584 4056 730 4107 restitutum
770 4058 908 4110 senorum.

199 4130 343 4197 imulare,
358 4133 483 4207 sinopes
500 4138 587 4185 estut
605 4147 731 4186 monum·

720 4215 790 4279 ung.
1178 4196 1306 4266 η’
