2730 4686
642 288 730 358 1458

130 453 225 519 malit
238 452 373 535 aliquis,
386 467 454 517 non
468 457 580 517 tamen
595 468 671 516 oum
684 450 804 517 eodem
819 449 989 535 Scaligero
1003 451 1234 519 comminisce-

130 559 183 618 tur
207 553 455 635 stellaque
484 553 682 636 probatione
702 551 828 618 ‚idonea
855 552 1093 619 destituuntur:
1129 555 1233 637 paulo

131 661 206 725 mle
218 660 358 720 mortem
372 671 479 731 suam,
492 660 525 717 et
537 649 681 718 Athenis
695 660 753 719 aut
776 653 861 718 adeo
877 653 1039 736 Megaris,
1054 653 1234 736 Virgilium

129 757 195 823 boc
211 775 343 822 camma
357 756 604 838 composuisse:
626 755 689 822 etsi
707 755 781 839 jam
795 761 875 833 tum,
899 776 975 821 cum
996 754 1099 822 Cirim
1113 757 1236 821 scribe·

129 864 193 938 ret,
207 863 323 923 auctor
337 859 494 925 carminis
507 858 663 923 nonnulla
685 858 830 922 carmine
854 878 891 922 se
909 864 1080 936 tractasse,
1095 864 1141 936 et,
1156 877 1233 923 eum

129 958 229 1039 lunae
240 962 428 1044 poeniteret,
442 961 487 1025 iis
501 960 663 1042 depositis
678 960 721 1024 ad
742 960 986 1044 philosophiam
999 979 1037 1024 se
1052 960 1236 1055 contulisse

130 1063 327 1147 narrctipse
347 1083 381 1126 v.
404 1062 575 1146 lsqq.42
598 1081 674 1146 sqq.
717 1062 881 1128 Juvenem
905 1068 1016 1127 tamen
1035 1081 1072 1126 se
1096 1067 1236 1128 testatus

130 1170 248 1235 auctor
257 1165 342 1228 satis
356 1163 530 1229 manifeste
554 1183 625 1229 vss.
645 1164 690 1229 la
713 1184 789 1247 sqq.
815 1163 879 1227 Sed
899 1165 1046 1249 quonium
1067 1162 1110 1226 od
1129 1171 1237 1229 roslar

130 1288 211 1330 nunc
222 1264 359 1350 primum
373 1265 529 1328 notamur
550 1275 642 1344 ortes,
667 1262 759 1329 Nunc
779 1266 916 1351 primum
942 1278 1060 1332 teneros
1067 1263 1237 1350 fimum

11 1376 13 1384 '
130 1367 239 1432 robore
258 1386 387 1432 nereos.-
425 1365 504 1431 Har
526 1377 629 1432 tamer
654 1369 858 1454 intereaque
882 1367 1102 1455 poirumnm'n
1126 1366 1237 1452 quibus

130 1472 190 1539 uvi
213 1469 326 1534 Prima
347 1468 528 1534 rudimenta
539 1481 568 1532 el
583 1470 701 1556 primos
720 1470 871 1558 exegimus
894 1491 1001 1548 annos,
1026 1467 1153 1554 Accipe.
1197 1471 1237 1535 si

129 1592 230 1660 porro
244 1571 430 1638 Messalam
444 1572 597 1658 juvenum
608 1573 815 1637 doctissimum
825 1593 859 1638 v.
874 1573 919 1638 36
932 1570 1102 1657 appellere
1116 1575 1236 1656 potuit,

126 1675 266 1761 juvenili
280 1682 379 1740 oetate
395 1679 608 1742 constitutum
633 1697 710 1741 eum
725 1681 759 1740 et
771 1678 883 1761 ipsum
897 1681 967 1740 bunt
980 1674 1085 1739 fuisse
1098 1694 1235 1739 necesse

130 1785 192 1856 est,
207 1799 283 1844 cum
298 1777 397 1842 Maro
412 1778 470 1843 illa
483 1780 659 1860 scriberet3
681 1778 717 1842 irl
734 1777 824 1861 quod
837 1783 1020 1860 temporum
1034 1776 1132 1841 docet
1145 1794 1235 1842 com-

130 1881 284 1969 paratio.¹
330 1879 418 1944 Rem
446 1886 556 1945 tamen
579 1880 635 1945 vel
661 1878 712 1944 sic
735 1880 771 1943 in
789 1876 902 1942 merliu
923 1878 1105 1961 relinquere
1129 1878 1235 1943 satius

131 1981 231 2047 duco.

135 2137 140 2144 .
174 2082 266 2147 Inter
279 2082 365 2159 baec,
381 2084 444 2146 etsi
459 2083 616 2147 carminis
629 2080 737 2145 facies
759 2080 893 2145 mmrino
907 2082 989 2145 satis
1000 2081 1145 2146 liberalis
1160 2086 1236 2159 est3

129 2186 240 2266 negari
255 2191 364 2248 tamen
376 2186 501 2267 nequit,
515 2185 645 2248 varices
659 2185 790 2266 passim
814 2189 848 2248 et
871 2185 982 2249 ulcera
1002 2204 1124 2268 corpus
1146 2186 1235 2249 obsi·

130 2285 219 2362 dere,
234 2285 311 2349 loca
336 2303 509 2348 occurrere
521 2285 663 2367 pluuima
682 2285 804 2349 scabra
825 2292 860 2350 et
878 2286 1021 2365 horrida,
1036 2307 1152 2352 versus
1174 2287 1235 2353 du·

128 2386 232 2455 riores
254 2392 314 2449 aut
335 2385 481 2469 pedestri
507 2387 657 2450 oratione
678 2384 869 2469 depressos,
892 2388 979 2452 alios
1002 2408 1139 2471 prorsus
1163 2408 1233 2453 cor·

129 2495 244 2573 ruptos
258 2507 300 2553 ac
315 2506 416 2552 sensu
431 2493 590 2564 carentes,
606 2492 643 2552 ut
655 2487 817 2552 mterdum
829 2487 987 2556 honestas
996 2490 1055 2553 illa
1064 2488 1131 2554 oris
1145 2489 1234 2555 foede

130 2591 357 2665 contaminata
378 2607 421 2653 ac
441 2609 578 2673 prorsus
600 2588 773 2654 obliterata
787 2592 841 2655 sit.
885 2590 1022 2655 Scilicet
1035 2593 1175 2674 primum
1189 2593 1234 2670 id,

130 2692 221 2775 quod
235 2694 270 2761 ln
284 2691 482 2755 carminibus
496 2692 548 2755 his
563 2693 744 2757 minoribus
757 2694 911 2757 evenisse
935 2693 1064 2756 videtur
1082 2692 1148 2756 fere
1163 2712 1234 2757 om·

127 2793 237 2870 nibus,
250 2795 352 2858 etiam
366 2793 399 2856 in
410 2791 483 2855 ciri
496 2791 622 2857 sactum
636 2794 788 2871 arbitror,
802 2793 927 2857 minore
952 2798 1062 2857 tameo
1086 2813 1162 2856 cum
1176 2811 1234 2858 au·

129 2891 230 2958 dacia
243 2913 342 2975 quam
366 2895 399 2955 in
426 2892 555 2971 Culice,
580 2895 728 2958 omnium
751 2913 819 2958 uno
840 2895 988 2976 maxime
1014 2895 1141 2960 foedato
1163 2914 1235 2960 ear·

128 2993 230 3071 mine,
244 2999 283 3056 ut
291 2993 364 3077 jam
378 2996 516 3078 antiqua
530 2995 612 3058 satis
628 2999 726 3059 aetate
738 2995 773 3057 in
786 3015 828 3059 ea
853 2999 1044 3060 exercerent
1063 3014 1101 3059 se
1114 2994 1234 3080 po'eta·

128 3114 201 3162 rum
219 3114 283 3160 seu
300 3095 560 3159 versificatorem
582 3096 728 3177 ingenia,
751 3096 913 3161 uenando
938 3103 973 3161 et
998 3097 1234 3181 amplificando

130 3196 286 3261 carmine.
330 3193 481 3277 Ascripti
505 3198 538 3260 in
560 3197 707 3279 margine
730 3216 862 3276 versus,
882 3217 975 3282 saepe
1000 3198 1235 3284 imperfectis

127 3295 275 3374 librario,
296 3297 353 3382 qui
375 3295 586 3362 describebat
608 3296 772 3375 codicem,
785 3299 820 3362 in
845 3305 971 3364 textum
990 3305 1067 3366 sunt
1088 3305 1234 3386 recepti:

128 3398 278 3462 nonnulli
303 3398 386 3463 satis
410 3399 527 3480 arguti,
551 3399 608 3463 alii
633 3399 867 3465 consimilibus
890 3406 1036 3466 veterum
1061 3400 1236 3485 poetarum

129 3497 214 3564 locis
227 3500 361 3564 retracti
383 3499 439 3564 vel
462 3499 659 3578 adumbrati,
684 3500 812 3585 quade
836 3520 871 3565 re
893 3519 995 3584 supra
1017 3502 1061 3565 ad
1083 3501 1235 3568 Culicem

131 3598 257 3667 dicbrm
280 3605 343 3666 est.
387 3597 545 3666 Accessit
566 3602 635 3665 alia
653 3602 840 3682 calamitas,
866 3607 903 3667 ut
924 3604 1073 3667 carmina
1096 3603 1156 3668 illa
1175 3624 1235 3690 per

127 3701 228 3788 ,plura
241 3703 368 3769 saecula
381 3702 497 3784 ignota
515 3707 548 3767 et
562 3702 696 3788 sepulta
707 3704 868 3787 jacerent,
880 3708 915 3769 et
939 3712 976 3771 ut
990 3705 1049 3770 vix
1064 3725 1167 3770 unum
1182 3707 1235 3777 rel

628 3883 734 3936 NOTAE

129 3998 208 4049 docte
220 4002 422 4055 adversusGulli
434 4018 525 4055 nomen
545 4003 662 4070 disputat
752 4006 760 4033 ¹
780 4007 865 4058 Notus
886 4008 953 4058 enim
972 4008 1093 4072 Virgilius
1116 4022 1139 4057 ι.
1158 4021 1184 4057 υ.
1207 4021 1233 4059 c.

129 4083 156 4137 p.
167 4079 208 4137 48,
217 4083 246 4125 et
256 4078 378 4129 adversm
390 4081 520 4131 Catullum
530 4086 662 4131 amtorem
700 4084 760 4145 Ul,
775 4080 888 4131 Messeis
899 4098 924 4133 a.
936 4087 994 4150 cbo,
1008 4096 1059 4140 nee
1077 4083 1120 4135 lric
1139 4082 1235 4134 unns

129 4160 155 4214 p.
166 4154 207 4214 lo,
215 4152 373 4219 scaligerum
382 4163 469 4207 autem
479 4155 575 4208 refellit
585 4169 612 4221 p.
620 4160 662 4209 ll.
702 4163 764 4209 aute
775 4161 834 4223 na,
843 4165 888 4211 et.
897 4162 940 4212 ²⁸.
