2730 4686
575 380 577 384 Α
609 306 721 357 crure.
1128 274 1213 365 1499

115 470 271 549 Flectere,
288 489 411 546 amore,
425 488 530 552 neque
544 473 595 534 est
609 489 685 534 eum
700 471 764 535 Dis
776 473 971 537 contendere
984 480 1150 540 nostrum:

114 575 181 640 Sed
195 574 301 658 putris
316 571 776 654 incolumipotiustenubere
788 593 899 655 regno,
1149 571 1214 644 330

114 673 224 758 Atque
240 676 371 757 aliquos
386 679 497 738 tamen
510 693 584 738 esse
597 675 681 738 velis
695 676 767 752 tibi,
784 676 927 753 alumno,
942 677 1096 742 Penates.
1175 736 1183 747 .

115 777 193 840 Hoc
208 759 319 852 urium,
334 777 436 840 exitio
451 776 552 840 docta
565 783 665 859 etque
680 782 830 859 experta,
846 780 1008 853 monebo„

115 877 215 955 Quod
230 880 259 940 si
274 897 339 941 non
353 878 421 941 alie
431 878 554 960 poteris
567 877 694 941 ratione
706 883 874 960 parentem

115 979 281 1060 Flectere3
302 977 377 1065 (sed
391 980 532 1062 poteris3
556 977 637 1059 quid
651 977 737 1041 enim
751 997 817 1042 non
830 981 932 1043 unica
944 981 1058 1064 possis
1067 978 1101 1064 l)

113 1080 209 1146 lunc
224 1081 334 1163 potius
349 1087 457 1148 temen
471 1081 559 1162 ipsu,
574 1081 633 1163 pio
648 1099 723 1143 cnm
740 1080 815 1162 jure
828 1082 952 1160 licebit,
1149 1066 1216 1151 w

114 1182 200 1246 Cum
213 1181 293 1245 sacti
307 1201 443 1245 causum
458 1187 653 1265 tempusque
666 1182 790 1246 doloris
804 1183 955 1261 hebebis,
1113 1205 1115 1208 ⁴

113 1285 207 1348 Tunc
221 1286 333 1366 potius
348 1290 470 1348 conatu
483 1289 541 1352 tua
554 1289 654 1367 atque
668 1286 803 1367 incepto
817 1284 945 1349 referto.

117 1387 252 1469 Meque,
269 1387 426 1469 Deosque
441 1387 502 1450 tibi
516 1387 666 1462 comites,
681 1404 756 1449 meu
768 1387 912 1464 alumna,
927 1387 1055 1451 sumros

32 1545 36 1554 .
117 1488 301 1551 Polliceor:
324 1488 403 1549 nihil
417 1491 480 1563 est,
496 1485 585 1569 quod
600 1490 696 1548 texos
711 1486 836 1564 ordine,
852 1488 995 1570 longum.

160 1589 227 1653 His
240 1591 298 1653 ubi
314 1589 464 1653 solicitos
478 1589 580 1651 animi
594 1588 798 1653 relevaverat
811 1594 915 1653 {estus
1149 1572 1216 1654 eid

117 1689 281 1768 Vocibus,
296 1697 329 1754 et
342 1690 464 1754 blande
476 1694 596 1771 pectus
610 1707 672 1772 spe
685 1689 812 1754 vicerat
826 1708 971 1770 regrum:

119 1787 285 1856 Paulatim
299 1790 513 1856 tremebunda
527 1791 620 1873 genis
635 1791 799 1871 obducere
814 1795 939 1855 vestem
996 1847 1001 1855 .

578 1970 756 1991 ”tomeun

118 2085 183 2134 bunc
202 2099 253 2134 non
269 2090 378 2134 conatur
389 2084 506 2148 flectere,
522 2085 673 2148 deflectere,
690 2089 817 2146 avertere,
838 2099 961 2134 revocare
981 2084 1015 2134 ab
1031 2085 1143 2149 incepto.
1176 2083 1219 2135 An
1311 2130 1314 2137 .

120 2147 183 2198 fait:
205 2151 296 2213 incepto
309 2151 410 2213 flectere
424 2165 517 2210 eruore5
533 2166 575 2199 ree
591 2157 625 2199 ert
641 2165 694 2199 cem
710 2151 758 2200 Die
773 2166 794 2199 e.
812 2164 837 2199 e.
880 2150 978 2199 Saltem
995 2149 1219 2213 distinguam-ee·

120 2229 162 2262 ror
178 2213 285 2263 Flectere
300 2215 411 2277 (Amori
434 2211 512 2278 raeque'
528 2216 561 2264 ait
585 2230 637 2264 carre
661 2215 709 2264 Die
730 2215 867 2263 metendae
882 2214 1013 2275 eodum).
1057 2215 1143 2264 Sensit
1159 2221 1219 2264 ω’·
1302 2263 1304 2268 ,

120 2278 178 2326 dem
202 2293 302 2328 mecum
320 2277 457 2327 verborum
480 2279 622 2329 molestiam
644 2279 684 2328 vir
707 2277 800 2328 doetus
823 2279 849 2326 in
873 2279 1219 2391 Mtae.oms.v01.rv,p

120 2345 176 2403 ³27,
200 2343 252 2406 qui,
274 2357 348 2399 emm
373 2341 528 2406 accipiebat,
551 2359 599 2407 pro
623 2344 657 2392 mi
679 2357 750 2392 amor
772 2349 858 2392 amata
881 2343 979 2405 puella!
1005 2342 1074 2406 qnod
1097 2344 1163 2391 atine
1206 2355 1220 2390 r

121 2405 211 2455 doctu·
232 2407 311 2456 latim
328 2405 384 2456 fieri
409 2421 458 2455 non
481 2422 556 2470 pocae
578 2407 685 2457 monuit.
736 2406 789 2456 Sed
806 2406 881 2454 video
898 2421 965 2456 nuuc
985 2406 1057 2468 illud,
1073 2407 1142 2470 quod
1160 2420 1222 2456 eoa-

117 2469 243 2532 jeceram,
261 2470 311 2532 legi
328 2470 354 2518 in
373 2471 423 2520 Me.
440 2471 519 2521 Besil.
536 2477 564 2521 et
576 2472 632 2535 jam
649 2479 739 2520 extare
757 2471 784 2518 in
796 2469 856 2519 Aru.
875 2475 948 2530 1884,
960 2470 1076 2533 adeoque
1088 2469 1221 2533 recepi.-

122 2537 176 2582 881.
190 2535 266 2597 thue
274 2534 428 2584 emendabat
439 2534 544 2585 Icinsla
556 2537 578 2584 E
597 2535 686 2599 iplrvll.
698 2548 761 2594 vru,
771 2539 812 2582 87.
840 2535 909 2582 Tum
920 2534 984 2583 aliur
994 2535 1033 2582 vir
1045 2533 1136 2583 doctus
1145 2533 1221 2584 bilae.

122 2597 199 2647 Obaa.
210 2599 270 2648 Vol.
282 2613 320 2660 ιν,
338 2614 364 2662 p.
376 2602 423 2647 827
435 2599 504 2648 eelim
516 2551 645 2658 meleburn
661 2614 711 2648 nec
730 2599 807 2647 aliter
820 2598 950 2646 sententia
961 2599 1011 2646 rite
1023 2598 1156 2660 procedit:
1174 2596 1222 2648 &a

121 2661 188 2710 eelim
198 2667 223 2711 te
233 2663 318 2712 nubere
329 2662 439 2711 incohari
448 2665 526 2725 putris
535 2678 616 2724 regno,
631 2665 707 2725 Atque
716 2663 806 2725 aliqum
816 2667 894 2709 tuerere
905 2676 953 2709 erae
962 2662 1008 2709 tili
1020 2661 1129 2721 Periclea,
1140 2663 1167 2711 b.
1178 2661 1224 2712 ell-

122 2741 184 2789 quoa
195 2728 303 2786 aaltem;
320 2741 370 2775 non
382 2727 562 2776 nullon-eeu.
579 2728 651 2776 exilio
669 2727 738 2789 conj.
760 2726 808 2774 viri
829 2725 901 2774 docti
920 2725 997 2774 illisc.
1015 2725 1093 2775 Obea.
1110 2724 1220 2786 ibidem,

122 2792 189 2853 quod
202 2792 277 2840 unice
289 2807 385 2841 verum.
419 2792 486 2841 Nem
499 2792 592 2841 Carme
604 2791 659 2853 ipsu
670 2790 791 2840 exulabat
804 2789 1010 2853 apaten-aee.
1022 2803 1069 2837 rea
1087 2790 1164 2853 uliqaru
1175 2789 1223 2839 vel

122 2855 168 2902 elle
179 2854 221 2905 Jo.
234 2854 369 2904 Schrader.
381 2855 530 2904 Emendatt.
543 2871 603 2918 pag.
614 2858 745 2905 tiz—tlt.
765 2854 814 2902 iaie
830 2853 870 2901 vir
887 2853 979 2901 doctus
992 2852 1066 2902 Mire.
1078 2853 1154 2904 Obaa.
1167 2854 1186 2903 l.
1198 2866 1223 2904 e.

122 2916 188 2967 bene
207 2919 364 2982 corrigebat.
397 2919 678 2983 tuoremjurelegebat
692 2919 798 2968 Loineia
816 2918 832 2966 l.
845 2933 868 2966 c.
902 2917 998 2966 Helua.
1013 2931 1132 2981 quoque:
1153 2919 1224 2968 Nure

120 2983 200 3044 potine
210 2984 252 3032 lric
263 2991 292 3033 et
303 2988 361 3045 887,
379 2991 406 3034 et
416 2987 472 3033 darre
480 2984 538 3044 jure
549 2984 636 3045 licebit,
655 2985 720 3033 num
731 2981 846 3042 f.-8ld.
858 2980 922 3041 furti
933 2996 1034 3044 muru,
1054 2983 1110 3032 scil.
1121 2982 1223 3046 negatis

124 3046 170 3095 ribi
182 3048 310 3110 precibus.
338 3050 416 3105 tracti
459 3049 545 3098 doloris
555 3049 620 3098 bene
633 3048 724 3097 Helue.
736 3047 778 3095 vel
788 3047 949 3095 tertie-8⁸⁷.
968 3046 1059 3094 ineerta
1076 3047 1126 3095 Ms.
1144 3046 1224 3097 Basil.

122 3117 150 3160 et
168 3117 234 3160 vett.
255 3112 325 3173 edd,
345 3113 422 3162 etium
443 3112 530 3175 nidd,
548 3120 576 3162 at
593 3116 656 3162 1884
673 3113 866 3175 inceptu-839.
886 3110 1091 3172 quedmntiro.
1104 3111 1144 3160 ed.
1156 3112 1224 3162 Vea.

126 3179 196 3238 1484,
206 3176 281 3225 aliae:
299 3178 359 3239 qued
369 3181 437 3226 texui
447 3177 473 3224 ie
483 3178 579 3226 ordine:
596 3177 634 3227 alc
646 3184 675 3226 et
687 3177 737 3225 Me.
751 3176 827 3225 Basil.
862 3175 939 3225 Quod
956 3188 1025 3223 nunc
1041 3175 1135 3239 legitur
1151 3174 1225 3226 dedit

147 3239 226 3289 ldine.
239 3240 290 3289 vid.
302 3243 455 3290 Not—8⁴⁰.
468 3240 518 3290 Hic
529 3242 578 3303 arbi,
589 3247 626 3300 et,
636 3242 774 3290 relevaverit
784 3247 850 3289 vett.
862 3238 922 3289 edd.
951 3238 1006 3287 Hor
1015 3239 1062 3288 tibi
1107 3240 1225 3290 celem

154 3319 174 3353 a.
186 3305 354 3354 Basti-³41.
371 3305 471 3354 eiecernt
487 3306 528 3356 ed.
539 3307 606 3355 Ven.
619 3309 690 3356 1484.
722 3305 832 3353 cirenei
845 3304 944 3352 Aldine
976 3318 996 3353 r.
1008 3309 1036 3353 et
1052 3318 1105 3354 rec.
1137 3305 1226 3354 eiceret

122 3366 196 3417 Junt.
230 3370 318 3418 meret
330 3369 424 3418 Aldine
435 3374 497 3419 tert.
530 3371 720 3433 rperuclrurumt
732 3370 783 3419 Ma.
798 3369 929 3432 Basil.,qu
975 3382 1006 3417 eo
1017 3367 1116 3418 alludit.
1128 3368 1225 3427 som

620 3480 725 3530 NOTAE

155 3581 203 3627 884
216 3577 281 3632 Quid
289 3577 484 3627 enimncrrauriee
493 3572 655 3640 muielcum
695 3579 770 3636 paret
789 3573 906 3636 Scaliger
924 3573 1035 3623 Graeca:
1063 3574 1094 3622 br
1112 3573 1168 3632 inci
1183 3572 1227 3623 eir

123 3654 243 3703 unicaule
260 3653 321 3702 filia.
355 3658 411 3704 888.
430 3655 470 3718 pio
489 3654 608 3715 mmjure
625 3652 654 3701 li·
695 3651 755 3698 trois
782 3647 962 3711 συλληψομένης
988 3666 1034 3710 σοι,
1066 3648 1126 3697 edre
1152 3650 1228 3698 ποιοῦ.

122 3729 191 3790 celii,
201 3728 222 3777 sl
234 3744 326 3791 parens
337 3729 472 3792 negaverit
480 3730 585 3791 nuptiae
596 3741 654 3778 eum
695 3731 752 3776 889.
764 3728 824 3776 nibil
834 3731 886 3783 ert,·
902 3741 952 3775 uon
973 3740 1014 3775 rea
1031 3734 1080 3788 eat,
1102 3740 1161 3790 quae
1176 3740 1228 3776 non

123 3804 212 3852 Minoi
225 3804 357 3854 ineundae.
390 3810 480 3867 tenpus
490 3804 586 3866 doloris,
595 3818 654 3854 cum
694 3803 742 3852 nial
753 3803 828 3866 longo
840 3810 955 3865 tempore
967 3807 995 3851 et
1006 3802 1086 3851 multo
1100 3809 1229 3866 apparatu

125 3886 226 3942 tempus
237 3880 340 3930 dolendi
351 3879 457 3928 babebis
466 3881 573 3943 justum,
582 3879 655 3928 adeo-
695 3879 784 3943 pertici
803 3879 900 3942 possit:
919 3877 964 3926 aed
976 3892 1017 3926 ree
1029 3883 1069 3926 est
1081 3877 1153 3926 brevi
1165 3884 1229 3928 tem-

125 3969 174 4016 que
186 3955 245 4017 erit,
258 3955 324 4020 quod
336 3955 432 4016 doleas,
447 3956 546 4017 negetis
556 3970 570 4004 e
581 3964 655 4019 putre
695 3971 757 4020 pore
769 3954 938 4019 expediendo.
972 3955 1068 4003 Verum
1086 3961 1159 4004 recte
1174 3955 1228 4009 Jul.

126 4030 228 4093 nuptiis.
260 4031 365 4090 referto:
397 4029 490 4080 iterum
523 4031 656 4080 consilium
695 4029 1006 4081 Sebinueineententiem
1019 4029 1145 4079 mutavit:
1162 4028 1228 4083 nibil

125 4103 174 4153 hoc
185 4111 329 4156 extremum
341 4104 474 4155 reeecendl
483 4105 570 4169 capilli
580 4105 656 4170 patrii
696 4114 738 4157 est
756 4109 868 4170 lonqum,
887 4105 956 4171 qnod
967 4105 1024 4168 ipae
1034 4111 1128 4154 natura
1138 4105 1228 4159 ordlas

126 4193 227 4247 revoca,
239 4188 339 4248 repete.
359 4185 416 4233 888.
425 4182 520 4245 dieque,
530 4181 568 4231 D.
583 4181 657 4232 Conr-
697 4182 798 4244 texuit,
815 4187 843 4232 et
853 4181 891 4234 alc
902 4195 971 4232 nanc
982 4179 1140 4246 interponat.
