2730 4686
591 330 678 395 1521

84 493 240 570 extiter03
275 490 325 575 (v.
355 509 429 574 sup.
459 488 605 554 Ptooem.
635 489 670 552 in
699 486 867 571 culicem)
906 494 940 555 et
976 486 1183 577 Epigramma

88 590 218 677 Virgilii
237 590 344 676 (quod
357 591 416 655 ini.
434 590 547 672 Epigr.
568 606 597 653 11
623 586 689 671 est)
702 595 918 655 memoratum
927 592 999 675 jem
1012 596 1063 657 est
1077 591 1184 670 Quin·

83 695 201 759 tiliano
216 691 323 755 Instit.
341 690 400 753 Or.
418 707 500 768 vni,
515 691 547 766 3,
563 691 618 754 27.
633 690 687 754 28.
733 689 806 754 Etsi
831 709 910 773 ergo
934 711 1052 756 nomen
1079 694 1186 758 serius

83 795 235 870 accessit,
272 794 408 875 antiqua
439 797 548 856 tamen
583 792 675 865 fame
708 791 862 856 nonnulla
896 793 1013 857 saltem
1038 796 1186 861 carmina

83 896 199 959 brevia
211 895 327 957 habita
340 893 441 957 fuisse
456 893 643 975 Virgiliana
656 894 789 958 credere
803 894 892 959 licet.

127 994 273 1058 inlibris
295 994 430 1076 seriptis
451 998 485 1056 et
497 995 589 1077 prelo
603 995 770 1078 expressis
784 994 1024 1077 antiquioribus
1049 996 1184 1080 subjici·

84 1102 181 1160 untur
205 1114 247 1159 ea
271 1095 463 1178 plerumque
490 1094 650 1178 Priapeis,
675 1094 814 1178 ideoque
838 1098 873 1160 in
898 1097 986 1175 aliis,
1010 1099 1182 1180 inquibus

83 1206 158 1280 post
171 1195 274 1259 Cirim
289 1201 348 1259 aut
362 1195 428 1258 alio
443 1196 518 1258 loco
534 1197 744 1272 collocantur,
760 1195 930 1261 adhaesere
940 1199 975 1260 in
985 1197 1090 1262 fronte
1104 1219 1184 1263 non-

82 1298 170 1360 nulla
183 1317 227 1360 ex
242 1297 405 1378 Priapeis.
450 1296 554 1359 Porro
578 1297 689 1359 omnia
713 1296 787 1360 baec
815 1295 984 1378 poematia
1007 1299 1043 1361 in
1065 1298 1183 1364 iisdem

83 1398 315 1462 vetustioribus
332 1397 487 1463 continua
508 1397 682 1479 scripture,
703 1400 859 1479 tanquam
882 1399 1016 1462 unicum
1040 1415 1182 1478 carmen,

82 1502 271 1574 exarantur,
287 1501 322 1561 et
336 1480 469 1579 quidem
483 1494 582 1560 foedis
596 1494 688 1560 vitiis
703 1496 1028 1564 contaminatissima.

126 1598 211 1662 Cum
233 1597 388 1662 Carmina
412 1597 484 1661 haec
509 1599 579 1660 suis
601 1595 674 1679 jam
701 1597 785 1660 locis
813 1593 1024 1679 Anthologiae
1053 1598 1183 1668 Iatinae

84 1701 264 1764 Burmanni
293 1698 436 1762 Secundi
471 1700 593 1762 inserta
622 1703 742 1774 essent,
771 1698 861 1761 nolui
891 1704 1000 1763 aetrno
1027 1719 1122 1784 ogere
1150 1708 1185 1768 ot

82 1803 206 1866 variam
219 1800 404 1877 lectionem,
425 1818 484 1862 sen
498 1799 613 1881 potius
629 1798 831 1882 corruptelas
846 1801 1020 1866 ascribere.
1065 1803 1184 1888 Itaque

82 1924 123 1968 ea
136 1907 262 1968 tanam
276 1902 542 1977 commemoravi,
558 1921 634 1983 quae
649 1921 670 1964 a
694 1902 767 1966 viro
781 1901 977 1966 doctissimo
992 1904 1183 1990 plerumque

82 2006 195 2069 relicte
208 2002 375 2078 videbam,
390 2009 427 2066 ut
440 2003 632 2065 sententiam
643 2021 795 2066 versuum
807 2004 1011 2067 accuratiore
1029 2005 1184 2090 interpre-

81 2109 205 2172 tatione
220 2106 461 2170 constituerem.
505 2103 620 2188 Atque
633 2104 707 2170 baec
720 2125 787 2168 una
807 2123 861 2168 res
887 2107 1088 2171 tolerabilem
1101 2107 1184 2175 mihi

82 2229 216 2294 operam
243 2206 375 2271 reddere
397 2208 515 2291 potuit,
544 2226 644 2291 qnam
665 2208 700 2270 in
722 2207 785 2270 bac
811 2207 921 2289 operis
947 2212 1040 2289 perte
1062 2205 1183 2292 posui;

82 2329 156 2373 nam
170 2310 204 2372 in
217 2309 269 2372 bis
283 2309 415 2391 probris
429 2309 610 2387 vinrlentis,
638 2308 841 2385 criminibus,
862 2307 1063 2385 maledictis,
1079 2310 1182 2391 qnid·

81 2429 157 2474 nam
182 2411 237 2488 sit,
268 2408 358 2494 quod
385 2410 508 2473 bonam
529 2415 671 2474 mentem
692 2409 824 2491 ingenui
850 2406 995 2472 hominis
1020 2407 1184 2478 delectare

81 2511 199 2592 possit,
213 2509 365 2594 equidem
379 2509 468 2574 band
487 2509 605 2590 video;
626 2509 765 2574 videant
776 2508 838 2586 illi,
852 2509 973 2592 quibus
986 2511 1104 2574 natura
1116 2510 1182 2576 boo

81 2610 182 2689 dedit,
196 2615 235 2675 at
246 2629 290 2676 ex
305 2609 446 2677 aliorum
459 2610 591 2693 probris
605 2610 671 2694 ipsi
685 2627 832 2675 creseere
848 2609 915 2674 sibi
929 2608 1113 2674 videantur.
