2730 4686
110 325 197 391 1420
456 341 489 388 r.
514 341 677 389 v1uorh11
703 343 872 393 sinonis

109 482 222 548 Obvia
234 483 431 564 Tisiphone,
447 486 655 567 serpentibus
669 485 815 569 undiquc
830 493 953 563 comta,

108 583 153 648 Et
166 585 318 648 flammas
333 591 366 647 et
380 603 473 648 saeva
487 587 594 668 quatit
606 585 686 649 mihi
703 588 839 650 verbera
852 607 960 670 poenes
973 606 982 666 3

109 682 272 748 Cerberus
288 691 320 748 et
335 686 416 748 diris
431 684 545 768 flagrat
559 686 734 751 latratibus
749 706 820 762 ora,

107 783 283 868 Anguibus
296 786 374 850 hinc
390 793 490 870 atque
504 787 579 850 hinc
593 788 725 853 horrent
739 791 794 853 cui
808 788 897 852 colla
908 785 1053 864 reflexis,
1148 786 1215 851 2⁴20

109 887 356 971 sanguineique
366 888 491 951 micant
505 887 655 951 ardorem
670 889 804 952 luminis
818 888 928 965 orbes.

110 987 208 1052 Heu!
232 988 313 1071 quid
327 990 371 1052 ab
386 986 496 1053 officio
511 989 658 1070 digressa
671 996 724 1053 est
738 991 854 1071 gratia
871 1009 947 1052 cum
961 993 994 1052 te

111 1089 258 1154 Restitui
275 1093 402 1173 superis
416 1091 474 1154 leti
485 1090 558 1174 jam
572 1092 685 1153 limine
700 1091 743 1154 ab
758 1093 859 1174 ipsol

110 1189 259 1254 Praemia
273 1196 348 1253 sunt
361 1192 494 1272 pietatis
508 1194 588 1255 nhil
613 1193 749 1277 pietatis
763 1192 906 1257 honores

108 1288 151 1357 In
163 1310 268 1356 vanas
283 1293 395 1355 abiere
409 1295 520 1374 vices3
543 1300 577 1358 et
590 1314 664 1358 rure
678 1296 820 1359 recessit

109 1392 258 1458 Justitiae
273 1396 364 1477 prior
378 1395 437 1458 illa
451 1395 554 1474 lides3
577 1396 738 1460 instantia
750 1394 821 1459 vidi

108 1491 271 1572 Alterius,
288 1497 358 1558 sine
374 1504 526 1578 respectu
541 1515 617 1559 mea
631 1495 702 1560 fata
715 1495 921 1578 relinquens;

110 1593 167 1659 Ad
181 1596 306 1680 pariles
321 1617 402 1678 agor
416 1603 573 1680 eventus3
596 1597 632 1661 fit
645 1616 750 1681 poena
764 1598 900 1661 merenti
913 1616 921 1675 ;

108 1882 317 1948 ludaad‘aces),
333 1890 361 1934 et
370 1882 484 1934 humus
495 1892 523 1935 et
535 1886 642 1936 verbera
653 1884 875 1950 (flagellat-218.
891 1897 974 1948 prena,
990 1895 1080 1946 prave,
1097 1886 1126 1929 nt
1138 1877 1215 1930 facile

110 1947 137 1997 in
153 1947 241 1999 oeulos
257 1949 373 1999 incurrit.
407 1950 481 1998 ΡΜ
498 1957 540 1998 est
561 1950 641 2012 noch,
659 1951 743 1999 Furia.
762 1947 831 1998 conf.
850 1947 953 2010 Scaliq„
969 1954 997 1995 et
1016 1946 1053 1994 sic
1070 1951 1136 1994 vett.
1155 1944 1216 1992 edd.

110 2011 184 2062 Male
199 2014 310 2061 noterit
330 2014 459 2062 Bembns:
483 2030 559 2078 pene
579 2015 702 2064 θινὸσω.
747 2013 838 2063 Heius.
859 2012 928 2075 conj.
948 2025 1050 2074 murs,
1073 2023 1124 2057 nou
1140 2007 1216 2056 video

110 2088 190 2138 qm
199 2075 275 2138 bene,
290 2078 331 2124 vel
340 2081 519 2138 peenas-219.
535 2079 620 2137 Valeo
630 2078 750 2141 flagrent.
784 2076 862 2141 Haud
878 2075 954 2123 dubie
964 2074 1059 2138 fimat
1072 2072 1137 2121 suit:
1156 2073 1217 2121 Cer-

111 2138 193 2188 herus
207 2137 301 2200 flagrat
319 2154 366 2188 ora
385 2141 530 2190 latratibus.
574 2143 679 2190 Dicitur
698 2150 784 2191 autern
806 2137 925 2203 flagrare,
947 2140 1042 2199 calere,
1062 2136 1164 2198 ardere,
1183 2136 1216 2185 de

110 2201 224 2315 ww
239 2202 350 2264 alicujus
369 2204 407 2251 rei
425 2210 486 2252 actu
507 2214 535 2254 et
553 2205 697 2254 intentione
717 2218 813 2268 operar.
860 2204 985 2252 Notatum
1005 2214 1107 2266 qnoque
1205 2206 1216 2248 t

109 2278 127 2313 v

109 2327 173 2380 erite
184 2265 289 2379 obrid?
297 2266 417 2382 ὓξωιῗο..
427 2265 1167 2397 edclffifflt⁸tendddllwndddrzwffir’middpffi,
1173 2279 1216 2378 odd

109 2406 163 2443 nen
170 2393 219 2443 elei
229 2393 294 2442 dura
304 2401 333 2443 et
342 2402 465 2444 contorta
472 2394 557 2446 affert.
591 2397 630 2447 At
641 2397 731 2447 Heius.
744 2397 877 2459 eleganter
888 2412 894 2444 :
913 2395 1029 2444 Cerbereo
1038 2398 1062 2443 et
1073 2392 1215 2456 efficerent

109 2457 190 2508 Lern.
221 2457 266 2506 lta
277 2466 364 2508 tamen
374 2466 402 2508 et
419 2460 493 2508 alteri
508 2462 594 2511 versui
610 2462 771 2510 medendum.
804 2460 879 2509 Idem
895 2459 965 2523 conj.
986 2459 1101 2507 certem
1116 2462 1140 2506 et
1156 2456 1218 2506 diris

110 2535 197 2572 erana
215 2522 342 2571 latratibus
360 2523 437 2573 bon:
459 2524 503 2573 sed
523 2532 577 2575 turn
597 2525 687 2576 delicit
705 2526 911 2576 verbnm—22⁰.
929 2528 996 2572 erent
1015 2523 1053 2572 cai
1073 2523 1131 2570 colle
1149 2529 1216 2571 vett.

110 2585 184 2647 edd„
199 2586 339 2650 quodcum
352 2588 482 2648 Scaligero
494 2592 619 2653 explicari
637 2591 726 2654 possit,
742 2589 862 2654 squalent
872 2589 967 2650 repexit
977 2602 1027 2636 ern.
1040 2587 1142 2648 Heius,
1158 2599 1217 2635 nam

111 2657 230 2715 etrapra
245 2654 293 2700 217
312 2653 458 2715 serpentibus
474 2655 577 2717 sarno
594 2658 769 2704 coma—221.
786 2653 852 2702 orbes
868 2667 917 2716 per
935 2666 963 2701 se
982 2657 1042 2700 sunt
1060 2650 1138 2713 oculi,
1154 2650 1217 2700 etii

109 2715 200 2765 esent
218 2717 326 2765 oedorem
350 2717 447 2765 lanieris
467 2721 601 2781 mgnum.
644 2720 696 2768 Sed
718 2724 783 2768 vett.
805 2717 864 2785 edd.
896 2715 1122 2778 Suessamque:
1148 2714 1217 2779 quod

110 2779 211 2831 medus·
242 2781 285 2830 Sic
306 2780 374 2830 orbes
388 2782 485 2830 luminis
501 2785 588 2833 oriem
598 2785 752 2847 namneum
761 2783 877 2830 marr.
911 2781 961 2829 llis.
982 2780 1094 2829 llelrnst.
1114 2776 1218 2855 Sapai-

110 2843 288 2907 neiqaeoedere
304 2846 393 2893 micat
406 2846 458 2905 jem
469 2849 646 2898 traicientes.
680 2848 772 2897 Petav.
790 2845 969 2907 Sanguineque
980 2851 1006 2892 ct
1017 2843 1091 2892 orben
1113 2843 1217 2892 llerns.

111 2907 181 2972 atqi-
201 2909 291 2958 micant
313 2909 446 2968 ivandam.
489 2913 534 2962 Jo.
554 2912 691 2962 Schrader.
710 2909 815 2960 ardeatis
833 2909 1026 2957 lamissio-2²2.
1053 2907 1217 2956 Sententiam

111 2984 163 3020 aea
173 2971 235 3021 aetla
247 2973 407 3036 exploratam
426 2974 518 3023 habeo.
549 2976 632 3036 gratia
648 2983 734 3025 tamen
746 2982 791 3023 aut
803 2973 957 3023 heneficium
971 2972 1011 3021 vel
1028 2970 1218 3034 benevolentis,

111 3041 157 3085 ant
176 3042 265 3100 gratus
288 3036 407 3085 beneficii
426 3039 529 3101 accepti
548 3049 698 3089 senensest.
734 3039 762 3087 Sl
781 3039 862 3100 prius,
878 3044 933 3086 tum
951 3035 1217 3085 sententiaeetnimis

110 3096 282 3163 foeteargnta
294 3115 341 3163 pro
358 3102 406 3149 hoc
424 3102 518 3163 polita:
536 3104 595 3152 Heu
607 3118 687 3169 quare
701 3106 792 3165 petia,
810 3101 982 3150 beneficentia
999 3109 1028 3150 et
1037 3099 1218 3149 benevolentia

111 3175 179 3224 urea,
191 3163 300 3223 digressu
318 3169 353 3211 eet
370 3164 400 3212 eb
411 3166 493 3229 fficio,
510 3166 565 3215 scil.
578 3182 618 3229 eo,
654 3169 703 3216 uod
720 3167 781 3215 mihi
796 3167 845 3229 ipsi
857 3165 992 3214 deheharn.
1027 3165 1079 3213 Cur
1090 3162 1150 3212 mihi
1168 3165 1217 3228 ipsi

111 3224 192 3300 defui,
207 3225 267 3274 dum
288 3228 364 3275 ulium
385 3243 488 3277 servare
508 3231 602 3279 studui.
635 3183 679 3280 gi„
691 3232 801 3279 alterum
820 3238 945 3293 tenemus,
961 3230 1078 3293 queritur
1090 3229 1171 3277 Culex
1184 3228 1217 3277 de

112 3294 212 3352 pretate
231 3298 259 3338 et
279 3297 352 3350 grata
371 3293 502 3354 memorio,
519 3310 576 3357 quae
588 3294 672 3345 officio
691 3303 718 3344 et
732 3293 857 3344 beneflcio
876 3301 986 3357 accepto
998 3307 1049 3341 uon
1069 3292 1216 3355 respondet.

110 3352 233 3405 Alterum
242 3355 290 3403 hoc
302 3355 392 3404 melius
403 3357 463 3417 poni
475 3357 587 3407 arbitror
597 3376 604 3419 ς
621 3364 762 3423 quantopere
773 3363 800 3408 ts
809 3358 839 3406 ub
850 3358 926 3423 officio
937 3358 1011 3407 uairni
1021 3357 1088 3418 grati
1099 3357 1218 3417 eligerem

110 3415 152 3467 ee!
168 3417 317 3467 discessisti.
351 3420 531 3471 Tauhmunuus
549 3424 650 3488 officium
668 3425 700 3472 de
719 3422 843 3472 beneficio
863 3422 977 3486 accipit;
994 3436 1044 3485 qno
1064 3436 1140 3470 sensu
1159 3421 1219 3469 reli-

111 3496 171 3548 qua,
186 3483 284 3548 ignoro.
317 3483 456 3533 Asceusius
469 3486 574 3537 reddit:
591 3491 640 3537 heu
661 3488 721 3554 quid
741 3494 782 3536 est
800 3486 941 3549 gratitudo,
957 3485 1069 3549 digressa
1082 3486 1114 3534 ab
1132 3483 1216 3535 officie

757 3612 1010 3664 ....

316 3631 322 3662 :
371 3630 384 3661 r
639 3655 645 3668 .
956 3651 963 3663 .
1076 3630 1089 3660 n

111 3676 182 3729 nicee.
214 3628 357 3728 adcurrens
369 3631 486 3729 intimi:
489 3631 723 3744 ldirpgiliunlisversus
734 3632 776 3730 εἴ
778 3695 816 3744 pr.
828 3631 950 3727 lljneid.⁸
962 3630 1217 3740 Hicnpitetactirboaoei

111 3746 165 3792 etc.
180 3742 208 3792 ia
223 3759 296 3793 oum
314 3745 375 3793 vices
393 3747 526 3809 eleganter
543 3763 598 3810 pro,
617 3748 753 3796 insanum.
786 3743 865 3793 vices
877 3741 985 3791 luissent
1002 3744 1026 3791 iu
1041 3741 1216 3792 retribuendo.

110 3809 135 3854 et
145 3820 211 3871 rnre,
226 3808 251 3857 h.
262 3824 285 3859 e.
303 3810 353 3858 hou
368 3811 446 3859 etium
463 3811 530 3859 inter
548 3813 671 3861 ruricolas
688 3811 762 3872 abiit,
781 3808 898 3870 recessit,
914 3807 1025 3856 Justr'tioe
1037 3807 1111 3871 fider,
1126 3815 1217 3855 ornate

111 3871 270 3984 eilde
278 3873 759 3999 presterneretur
775 3869 1031 4000 “irretirent
1040 3871 1102 3997 ⁴35..-
1112 3874 1218 3982 'litii

112 3999 202 4047 -m
227 4000 299 4048 Bene
321 4016 378 4049 cum
407 4005 450 4053 Jo.
469 4003 606 4053 Schrader.
627 4005 725 4055 Jacobs
746 4016 794 4051 em.
820 4002 923 4050 Jurtitiu
948 4005 972 4047 et
989 3999 1056 4063 prior
1076 4000 1117 4047 illu
1137 3998 1218 4048 Fides.

111 4060 175 4109 Mox
190 4060 266 4111 trice·
282 4065 323 4113 vel
342 4067 407 4114 edici
427 4069 606 4117 Heius—228.
624 4069 682 4120 Jarn
702 4067 735 4116 ab
754 4067 793 4115 his
810 4065 870 4114 iude
881 4079 971 4125 verse,
988 4078 1044 4126 quar
1065 4069 1217 4126 sequnntur,

111 4123 176 4174 meri
197 4132 256 4173 suut
276 4127 345 4176 lusus
365 4130 585 4182 versificatorum:
616 4132 641 4180 in
663 4132 756 4196 quibus
778 4136 864 4179 tamen
894 4127 966 4177 docti
994 4127 1108 4176 homines
1133 4123 1217 4176 fuere.

103 4186 205 4254 Mt.
237 4189 353 4254 Scaliger
364 4193 420 4242 hac
432 4201 556 4261 corrupta
566 4196 707 4246 arbitratur
718 4194 858 4246 emendat:
875 4193 908 4243 eit
922 4207 992 4257 pene
1008 4191 1123 4242 menti:
1142 4191 1218 4240 Pena
