2730 4686
203 322 290 389 1468
549 339 581 386 r.
606 334 779 386 vinornrr·
793 338 962 389 usaoura

202 480 322 560 Qualis
336 479 532 545 Erechtheis
542 480 622 544 olim
635 485 784 563 porosum
799 478 950 561 Athenis,

202 583 328 647 Debita
341 602 418 647 cum
433 587 536 649 costae
551 582 722 646 solvimtur
735 587 817 647 voto
832 581 1007 661 Minervas,

199 683 547 768 Tardaquezoonfccto
559 683 696 748 redeunt
711 681 935 772 Quinquatria
947 686 1063 763 lustro,

201 785 288 850 Cum
301 787 386 850 levis
401 786 524 850 alterno
538 785 713 868 Zephyrus
727 787 920 852 concrebuit
935 786 1036 864 Euro,

201 885 246 951 Et
259 905 362 969 prono
377 885 549 968 gravidum
563 887 720 968 provexit
732 885 880 969 pondere
893 907 1037 952 currum.

202 986 301 1052 Felix
314 989 368 1052 ifle
383 987 466 1065 dies,
481 987 563 1055 felir
577 992 611 1050 et
623 986 742 1051 dicitur
755 1007 862 1053 annus
874 1011 883 1070 3

202 1088 343 1168 Felicetr,
359 1091 416 1173 qui
430 1089 530 1154 talem
544 1108 664 1153 armum
678 1089 803 1168 videre,
820 1091 984 1175 diemque.

35 1275 42 1290 ‚
131 1192 133 1197 ⁸
200 1189 290 1273 Ergo
304 1189 468 1256 Palladia
482 1196 638 1256 texuntur
652 1191 688 1255 in
701 1191 817 1258 ordino
832 1213 976 1277 pugnaeg

665 1376 739 1396 ΝΜ
741 1376 844 1396 ΙΙΙΙΙ

201 1491 242 1539 ht.
262 1488 383 1553 Tardaque
393 1491 460 1541 haud
473 1493 551 1543 dubie
562 1493 709 1558 tegendum,
724 1500 754 1542 ut
765 1494 822 1557 jam
833 1493 1023 1543 a'l'aubmanno
1034 1491 1133 1540 editum
1146 1489 1239 1540 video:
1257 1505 1308 1539 noo

200 1567 237 1602 oc.
250 1552 410 1617 Quinquatria
420 1565 485 1608 vett.
496 1558 567 1620 edd.,·
583 1559 652 1623 quod
664 1559 765 1607 doctius
776 1573 833 1608 esse
844 1558 999 1608 vocabulum
1016 1556 1098 1607 videri
1110 1562 1207 1620 potest,
1222 1563 1251 1604 et
1263 1555 1308 1604 inr—

202 1618 307 1681 proprie
319 1620 352 1668 de
363 1619 543 1672 Panathenaeiu
554 1623 660 1672 dictum.
694 1621 860 1686 Οκίιςιιιιικία
877 1621 973 1671 Aldina
989 1629 1019 1671 et
1034 1620 1201 1670 Ascenaianoe
1219 1619 1311 1668 intole-

202 1687 346 1733 [πῂ-26.
367 1685 530 1748 legebatur:
549 1687 584 1735 Et
599 1702 671 1750 prom
680 1687 807 1747 gravidum
817 1687 926 1749 prorexit
939 1687 1041 1749 pondere
1050 1700 1152 1733 arsam.
1187 1684 1309 1745 Superior

201 1759 291 1796 versus
302 1751 333 1796 25
346 1747 379 1796 ad
395 1751 578 1800 declarandum
597 1758 698 1814 tempus
717 1751 949 1800 Panatheuseorum
967 1750 1144 1799 habendorum
1160 1748 1307 1811 spectabat.

202 1810 267 1860 Cum
278 1826 329 1860 non
340 1822 473 1926 appareat,
484 1816 558 1879 cujus
573 1815 612 1865 rei
623 1829 713 1864 cursus
725 1815 836 1877 intelligi
848 1814 936 1878 parsit,
951 1829 1000 1873 nec
1016 1813 1050 1863 ad
1066 1813 1257 1877 navigationem
1275 1810 1308 1860 ad

203 1889 279 1938 quam
290 1876 375 1926 Turne
395 1892 423 1927 us
434 1892 537 1940 uviri,
553 1883 585 1929 25
596 1893 699 1929 versum
711 1877 802 1943 refert,
812 1879 949 1944 quicquam
961 1878 1032 1927 aliud
1043 1892 1089 1927 nos
1100 1877 1198 1925 ducat:
1215 1875 1307 1925 vitium

201 1938 353 1989 subodorari
369 1942 396 1990 in
413 1951 517 2006 promtu
535 1950 585 2006 est,
604 1951 634 1993 ut
649 1959 745 1993 cuneos
761 1945 893 2006 legeorum
911 1950 940 1992 ut
952 1943 1008 2006 jam
1020 1941 1141 1991 Barthius
1152 1939 1309 2004 emendavit,

200 2003 367 2079 Tspbmauno
379 2008 516 2118 probante.
550 2009 629 2058 Navis
641 2009 822 2058 Panatheuaeis
838 2007 872 2057 sd
889 2007 1003 2057 Palladis
1018 2006 1143 2070 templum
1161 2005 1242 2054 ducta
1258 2019 1310 2053 ma·

203 2066 284 2116 obruis
294 2069 336 2133 agi
348 2070 380 2118 dc
401 2072 447 2132 nit,
458 2087 492 2135 pe
512 2072 538 2121 lo
550 2079 635 2121 tanuen
648 2087 695 2134 pro
706 2073 764 2122 velo
775 2086 896 2135 expanso,
914 2070 981 2136 quod
999 2071 1063 2120 adeo
1081 2070 1230 2133 Zephyrum
1241 2068 1310 2118 exci-

201 2129 301 2194 piebat,
319 2134 369 2182 vid.
388 2134 451 2185 Not.
469 2087 510 2184 ef
520 2151 545 2184 v.
561 2140 601 2184 21.
636 2136 729 2185 Navius
749 2150 797 2199 per
822 2151 926 2185 currum
944 2134 1078 2195 declarari,
1105 2134 1173 2183 idem
1190 2133 1309 2183 Barthins

134 2200 142 2221 ¹
203 2193 309 2247 docuit:
328 2212 387 2247 v.c.
399 2199 469 2261 apud
487 2199 582 2250 Cotrrll.
599 2212 677 2261 urst,
695 2198 999 2263 u.1o,ubivid.1nrpp.
1033 2201 1073 2248 Ex
1084 2198 1155 2250 Julio
1165 2197 1309 2260 Pomponio

201 2260 355 2321 usculpere
374 2262 466 2326 aliquis
486 2263 568 2325 possit
587 2263 726 2312 lectionem
744 2265 871 2326 moiduru
888 2280 914 2328 p.
932 2279 958 2327 p.
977 2263 1091 2313 Ctlorim.
1124 2262 1177 2311 Sed
1196 2262 1268 2312 lusus
1286 2260 1309 2310 ls

174 2347 177 2351 ·
197 2329 280 2386 ‚esset
290 2337 341 2374 uon
351 2325 511 2377 emendatior
522 2326 682 2378 lectio—27.
700 2327 742 2377 illo
753 2329 804 2378 dies
814 2327 953 2378 ald-ao.
968 2330 1045 2392 peplo.
1078 2325 1235 2391 Sicjumed.
1245 2327 1311 2377 Vos.

703 2487 809 2539 NOTAE

202 2627 262 2664 mox
283 2629 385 2681 quoque
406 2622 569 2669 strenuorum
586 2618 681 2668 ducum
701 2617 736 2668 A·
775 2635 833 2670 cum
845 2621 913 2671 Euro
929 2621 1028 2686 spirare
1044 2621 1090 2683 ait,
1107 2634 1189 2684 eoque
1207 2624 1308 2680 tempor

202 2690 287 2741 thenis
299 2693 405 2758 egregia
415 2691 493 2758 facta,
506 2695 578 2746 aiunt
588 2696 637 2744 viri
653 2696 734 2757 docti,
775 2696 1006 2747 Panathenreorum
1024 2696 1201 2746 habendorum
1223 2692 1307 2741 decla·

200 2767 318 2835 Scaliger
329 2773 362 2821 ad
374 2774 399 2823 h.
411 2775 430 2823 l.
442 2782 470 2824 et
482 2777 579 2826 Meors.
596 2776 614 2825 1.
626 2790 649 2826 c.
684 2775 735 2824 Vo·
775 2780 833 2822 rat:
854 2773 922 2838 quod
934 2773 975 2823 hic
986 2774 1020 2824 ad
1040 2773 1150 2838 primum
1163 2784 1208 2820 ver
1227 2776 1307 2818 retra·

201 2844 258 2896 lunt
268 2846 296 2896 id
307 2850 401 2900 docere
414 2865 446 2900 ex
458 2849 667 2916 AristophAEqu.
677 2855 735 2916 odil,
777 2849 840 2899 here
862 2849 945 2898 videri
968 2855 1063 2913 potest.
1106 2848 1199 2897 Mense
1222 2852 1310 2894 tamen

200 2921 246 2970 ubi
274 2925 384 2987 maj0res
411 2926 587 2989 praedicantur
610 2926 681 2990 dignl
704 2940 736 2976 es
779 2923 1007 2988 Hecatomhaone,
1021 2923 1162 2989 etquidem
1174 2921 1216 2970 die
1228 2932 1311 2982 xxm,

199 2997 264 3048 urhe
285 3000 325 3048 sal
345 3001 389 3050 roi
414 2998 516 3053 πέπλον.
560 3002 618 3051 Hoc
648 3009 736 3051 temen
778 2998 857 3048 tertio
868 3000 993 3065 cujusque
1010 2995 1172 3064 Olympiadis
1189 3009 1264 3058 anno,
1280 3008 1311 3044 es

201 3073 338 3124 clariorem
355 3077 440 3126 locum
457 3075 546 3127 afferri
564 3079 656 3128 velim:
676 3093 735 3128 nam
778 3074 912 3125 celebrata
922 3089 978 3125 esse
996 3074 1057 3125 salis
1068 3080 1187 3133 constat3
1205 3078 1247 3121 est
1265 3070 1310 3120 ille

201 3150 335 3200 Comicum
367 3167 487 3217 pompam
518 3154 735 3204 Panathenaicam
776 3151 873 3214 primns
894 3151 987 3201 mensis
1008 3151 1067 3200 anni
1087 3149 1182 3211 Attici,
1200 3160 1311 3214 quemn

201 3225 332 3288 respicere
343 3227 428 3292 potius
439 3226 557 3290 arbitror,
576 3243 626 3293 qua
642 3227 735 3278 armati
776 3227 858 3290 primo
870 3226 1008 3289 plenilunio
1020 3231 1079 3289 post
1090 3224 1230 3274 solstitium
1242 3222 1310 3273 asti·

200 3297 357 3351 incedebant
369 3302 427 3353 viri.
451 3303 535 3353 Etiam
548 3304 621 3367 Pepli
635 3319 735 3368 nomen,
774 3317 834 3352 vum
847 3303 1000 3367 processisse
1013 3301 1201 3367 quisignorst?
1227 3298 1310 3348 AEsts·

201 3391 251 3442 quo
287 3376 441 3429 Aristotcles
470 3379 564 3429 librum
596 3380 734 3443 inscripsit,
775 3379 808 3428 tis
825 3379 904 3443 igitur
920 3379 1041 3444 ingresse
1059 3385 1161 3442 tempus
1179 3373 1309 3426 declarari

201 3469 278 3518 quem
288 3455 321 3504 de
332 3455 438 3506 heroum
455 3458 558 3505 tumulis
575 3454 735 3520 confecerat,
773 3457 822 3506 hoc
833 3472 909 3506 verso
921 3455 1057 3506 dicendum
1068 3463 1124 3504 est:
1143 3453 1211 3519 quod
1223 3459 1310 3502 taruen

200 3530 251 3581 viri
277 3531 348 3581 docti
374 3532 432 3583 hino
459 3533 598 3584 illustrant.
642 3533 733 3584 Nostri
774 3532 993 3598 quamcomruode
1015 3548 1062 3596 per
1072 3546 1183 3596 pugnam
1194 3528 1310 3593 Zephyri

201 3608 287 3671 poetae
305 3609 375 3658 locus
394 3625 448 3659 rem
465 3624 515 3659 non
534 3612 613 3673 magis
631 3611 732 3676 prohat.
773 3625 831 3659 cum
853 3611 923 3658 Euro
949 3609 1111 3673 designetur,
1136 3622 1187 3657 non
1213 3606 1310 3656 dicam.

200 3685 238 3736 cf.
249 3685 296 3735 iut'.
307 3687 338 3736 ad
350 3691 425 3737 uid.
774 3684 830 3734 Etsi
848 3684 962 3749 Zephyri
980 3681 1072 3734 flantes
1091 3698 1142 3734 nou
1162 3681 1236 3732 modo
1255 3695 1310 3740 ver,

233 3767 265 3812 21
286 3762 315 3812 bi
329 3763 373 3823 sos
391 3768 426 3813 est
445 3765 539 3813 dicere.-
558 3779 609 3813 non
626 3772 679 3814 tam
698 3765 731 3814 sd
774 3760 819 3818 scd
836 3767 864 3809 ct
880 3766 997 3809 aestatem
1017 3760 1149 3809 ineuntem
1167 3757 1226 3807 alibi
1248 3771 1310 3822 quo·

200 3839 350 3901 religionem
361 3837 454 3903 refero,
466 3855 542 3905 quem
554 3840 586 3890 ad
598 3841 731 3891 audaciam
772 3852 822 3901 que
834 3837 957 3887 iudicant.
970 3835 1005 3886 cf.
1016 3837 1064 3887 Ge.
1075 3851 1118 3899 111,
1129 3840 1186 3886 ³22.
1210 3835 1309 3884 Hacte-

201 3916 299 3978 coepti3
325 3923 352 3964 ct
372 3916 438 3977 olim,
460 3931 507 3980 pro
527 3920 587 3979 tum,
607 3924 731 3980 sequente
772 3928 818 3962 nus
830 3915 918 3979 itaque
929 3914 994 3963 illud
1012 3913 1076 3962 ferri
1089 3920 1184 3976 potest.
1219 3911 1310 3962 Deal·

200 3988 279 4040 etiam
290 4007 351 4041 urm.
384 3992 650 4054 AEn.v111,891Nos
666 4007 732 4042 secas
772 3995 829 4038 tero
841 4005 916 4039 versu
927 3994 960 4039 26
973 4005 997 4038 v.
1008 3990 1070 4037 Ver.
1083 3989 1156 4037 Lect.

199 4066 473 4130 utqurolim,drt¹drs.
804 4070 902 4115 29-84
923 4066 1017 4128 Locus,
1037 4065 1087 4114 etsi
1107 4064 1141 4112 uh
1161 4064 1187 4112 h.
1199 4064 1216 4114 l.
1236 4061 1308 4113 forte

232 4143 272 4188 2⁶.
289 4144 322 4188 nd
346 4143 406 4190 Cum
424 4142 482 4191 levis
500 4145 590 4193 derso
610 4144 733 4207 Zephyrus
772 4141 881 4203 alienus,
900 4141 1023 4191 classicus
1042 4146 1127 4191 tamen
1146 4145 1205 4203 post
1218 4138 1309 4203 Eurip.

199 4214 333 4266 muchart
353 4217 437 4267 Euro:
459 4218 565 4270 alternis
584 4221 733 4285 Zephyrum
772 4215 876 4268 Herub.
893 4220 943 4268 tou
958 4230 997 4282 sq.
1019 4215 1052 4265 de
1072 4214 1150 4280 peplo
1169 4214 1307 4265 hliuervar.
