2730 4686
156 330 243 398 1418
501 345 534 392 r.
555 341 719 392 vmcrmr
742 342 910 393 aaronis

158 487 305 553 Horrida
319 487 490 570 squamosi
504 487 674 553 volventia
687 487 834 551 membra
847 481 1011 562 draconia

157 587 270 673 Atque
283 588 484 665 reluctantis,
500 589 622 653 crebris
635 588 788 672 foedeque
801 578 942 672 petentis
1193 584 1257 649 105

135 710 143 727 “
157 690 299 767 Ictibus,
314 709 394 754 ossa
406 689 491 769 ierit,
505 691 638 773 cingrmt
651 710 719 773 qna
732 695 883 772 tempora
897 689 1006 754 cristae
1020 708 1028 751 :

159 790 205 855 Et
218 792 309 875 quod
322 796 393 855 erat
406 791 531 869 tardus,
546 793 652 855 somni
666 792 821 874 languore
835 795 973 867 remoto,

159 891 308 956 Nescius
322 892 507 975 aspiciens;
531 893 626 956 timor
640 897 868 957 occaecarerat
883 895 994 954 artus:

160 991 241 1058 Hoc
254 994 362 1056 minus
375 992 540 1076 implicuit
554 990 627 1056 dira
640 991 813 1055 formidine
826 992 978 1055 mentem.

159 1091 267 1172 Quem
281 1099 458 1178 postquam
471 1093 556 1158 vidit
570 1112 697 1158 caesum
709 1094 934 1175 languescere,
950 1091 1048 1156 sedit.
1191 1089 1257 1155 200

201 1193 282 1258 Jam
296 1194 403 1277 quatit
414 1199 447 1256 et
459 1193 589 1278 bijuges
602 1194 711 1258 oriens
726 1193 835 1257 Erebo
850 1194 898 1257 cit
910 1212 1015 1275 equos
1029 1189 1123 1269 Nox,

161 1293 206 1359 Et
218 1294 313 1377 piger
326 1299 442 1358 aurato
455 1293 608 1378 procedit
620 1292 751 1377 Vesper
766 1295 810 1358 ab
826 1292 927 1357 (Etaz

161 1394 257 1471 Cum,
274 1414 370 1477 grege
385 1395 556 1477 compulso
569 1400 694 1478 pastor,
709 1393 955 1478 duplicantibua
968 1391 1103 1469 umbris,

160 1494 266 1561 Vadit
279 1501 312 1559 et
326 1496 362 1558 in
374 1495 482 1560 fessos
495 1496 643 1578 requiem
656 1495 736 1559 dare
751 1500 923 1578 comparat
937 1498 1039 1556 artus.

162 1594 269 1680 Cujus
284 1602 320 1660 ut
334 1597 469 1661 intravit
481 1595 585 1660 levior
597 1616 657 1679 per
671 1615 813 1679 corpora
825 1613 974 1671 somnus,
1195 1590 1261 1656 205

163 1696 402 1781 languidoque
416 1696 521 1760 effuso
535 1697 724 1779 requiemmt
736 1696 884 1760 membra
897 1713 1037 1778 sopore:

163 1942 243 1997 tm
259 1944 356 1993 melarii
374 1959 440 2007 opem
459 1958 570 1993 numerat
582 1943 698 2005 Deorum)
717 1943 825 1993 Horrida
841 1958 887 2007 ap,
906 1930 936 1992 ut
951 1940 991 2004 gri
1006 1939 1042 1991 rit
1076 1954 1106 1990 ro
1116 1944 1263 2005 quomam.

166 2008 266 2058 Bartlrii
283 2016 404 2057 conatum
425 2023 517 2071 parum
539 2022 691 2072 prosperum
713 2008 739 2056 in
761 2006 921 2057 emendando
942 2007 1000 2055 loco
1020 2006 1045 2054 vi
1064 2012 1107 2054 eat
1129 2004 1172 2070 qui
1193 2004 1264 2052 volet

165 2070 347 2133 Adreraxxr,
365 2076 405 2121 18.
438 2072 528 2121 Heinr.
548 2071 617 2135 conj.
635 2073 733 2122 rocicrit
752 2086 811 2122 curn
833 2069 917 2130 Ald03
934 2077 962 2119 et
981 2069 1046 2118 vidit
1061 2084 1155 2118 murce
1171 2068 1265 2118 Decime

166 2135 337 2198 virgilianum
348 2150 403 2185 erre
414 2152 421 2194 ;
438 2136 474 2183 ric
485 2135 543 2184 AEn.
556 2149 607 2196 xri,
618 2138 674 2186 821.
706 2134 780 2185 Idem
792 2134 881 2184 laudat
899 2149 931 2183 ex
942 2133 1011 2183 Aldo
1021 2133 1100 2182 civem
1110 2134 1176 2194 tolia,
1195 2130 1264 2196 qnod

165 2210 216 2247 nou
232 2199 341 2262 reperio.
373 2199 416 2250 Jo.
437 2198 575 2248 Schrader.
593 2199 669 2255 Quem
688 2200 728 2247 rel
751 2199 837 2259 Quoia
856 2213 924 2249 mre
938 2199 1040 2247 adam
1059 2212 1141 2261 opem
1157 2202 1186 2244 et
1205 2210 1264 2244 mex

164 2261 256 2311 deurit
267 2263 340 2311 maa
350 2270 379 2311 et
392 2262 484 2311 vinem
494 2262 552 2322 sota
569 2263 611 2312 rel
629 2264 801 2312 aledea-194.
819 2262 936 2312 coloratio
955 2263 998 2311 rel
1016 2260 1130 2310 colmar
1147 2258 1266 2321 Arcena,

166 2324 276 2377 elem
287 2326 335 2375 boc
347 2326 425 2376 ctiam
438 2326 528 2377 licina.
540 2325 663 2377 malebat.
695 2327 776 2376 crebro
786 2327 838 2375 Ma.
855 2327 1056 2376 Helmrt-liid.
1067 2325 1182 2387 fedaque
1198 2330 1265 2373 vett.

165 2388 227 2441 edd.
264 2390 375 2453 poento,
393 2390 450 2439 rcil.
470 2405 525 2453 ore,
543 2404 637 2440 moran.
670 2391 722 2440 Sed
741 2391 857 2456 Scaliger
873 2404 923 2440 non
941 2390 1022 2438 male:
1037 2388 1145 2452 fedeque
1160 2389 1266 2452 patentia

139 2460 146 2471 “
167 2452 275 2511 latim
291 2463 366 2519 patet
374 2454 480 2518 ictibus,
489 2453 647 2513 vulneribus,
657 2455 701 2519 qui
712 2455 813 2517 recipit.
842 2455 898 2506 Nec
910 2454 988 2503 aliter
999 2454 1050 2503 Me.
1063 2454 1160 2502 Koeler.
1187 2453 1267 2501 mlier

166 2518 237 2583 conj.
258 2519 349 2568 lleina.
381 2518 455 2568 Idem
470 2519 539 2568 reric
555 2525 657 2569 tentat:
673 2519 784 2584 acideque
798 2519 898 2584 petenti,
916 2518 957 2568 rel
992 2520 1087 2578 nerto,
1103 2519 1144 2567 rel
1205 2516 1267 2565 ertia

167 2582 278 2635 miluc
295 2582 510 2642 eraserit-loo.
530 2583 621 2633 Heinr.
639 2580 758 2648 refingit:
776 2584 867 2633 ictibrrr
884 2534 1027 2647 waifero
1045 2583 1087 2631 rel
1108 2583 1125 2631 Ι
1149 2581 1155 2592 ’
1215 2595 1267 2629 oreo

78 2645 80 2649 ’
168 2647 236 2699 terit.
261 2647 326 2707 feria
345 2654 411 2698 vett.
425 2648 484 2697 edd.
512 2647 576 2708 serie
593 2647 697 2707 velseri
717 2648 823 2698 Arcena.
851 2647 923 2710 serit,
938 2646 1131 2710 aptarim
1140 2644 1266 2694 Bembina

168 2712 308 2762 eatlectio.
340 2713 419 2761 erietae
437 2719 513 2762 vetur
533 2719 590 2761 erat
605 2713 695 2774 lectio,
711 2719 740 2761 ut
760 2711 844 2772 rideo,
863 2719 924 2762 ante
943 2710 1079 2770 Bembum,
1094 2709 1182 2774 itaque
1194 2719 1267 2759 recte

168 2775 316 2826 emendavit
327 2777 451 2841 Scaliger,
468 2792 525 2826 cum
538 2777 645 2826 Heinsio
655 2794 662 2837 ;
679 2777 762 2838 nteit,
776 2792 822 2840 que
833 2778 911 2826 erirtoe
919 2775 1017 2838 dagout
1028 2779 1140 2837 tempora.
1173 2773 1267 2837 ltaque

170 2840 388 2918 revocavi-197.
408 2842 550 2916 romainpro
570 2842 630 2890 omni
649 2841 717 2916 baud
738 2840 815 2922 dubie
837 2855 894 2889 cum
914 2839 1045 2901 scaligero
1065 2836 1267 2914 emendandum}

168 2901 1267 3031 cultibili?‘territatio,iit:ttilfttftbltitlrtdtii

168 3036 238 3081 runt.
271 3032 359 3081 Voluit
381 3033 483 3096 ineptrrr
505 3030 665 3080 versificator
686 3032 712 3080 iu
733 3033 848 3096 margine
872 3029 1070 3096 explicationem
1092 3027 1167 3093 rubjc
1204 3044 1266 3079 ere:

169 3100 298 3159 pretorem
311 3102 383 3143 tauto
395 3097 476 3143 minor
488 3103 558 3144 metu
569 3095 739 3158 obtorpuisse,
750 3096 818 3160 quod
831 3110 942 3146 ceomno
950 3102 1058 3169 repente
1066 3108 1180 3158 experge
1194 3101 1267 3143 actua

169 3166 272 3221 tempos
296 3172 345 3205 non
370 3159 476 3207 haberet
502 3158 534 3206 do
563 3159 676 3222 periculo
700 3160 841 3223 cogitandi.
876 3160 933 3209 lior
958 3160 1025 3209 bruis
1049 3158 1167 3207 rerelbue
1194 3166 1268 3208 extu·

168 3222 250 3271 lent:
273 3223 309 3268 Et
326 3224 385 3283 qaod
403 3227 453 3269 erat
469 3224 551 3269 tardor
567 3223 640 3270 oomni
656 3225 767 3286 largitore
783 3230 888 3274 remoto:
912 3223 967 3272 Hoc
985 3223 1063 3271 mirrea
1081 3221 1198 3298 implicuit
1215 3223 1269 3271 dira

163 3283 295 3346 formidine
314 3290 420 3333 merrtem
455 3284 582 3349 Ascripsit
601 3287 682 3336 aliur:
709 3288 810 3337 Nereius
829 3288 963 3351 aspiciam
989 3296 1043 3335 turn
1062 3292 1154 3335 teritur
1177 3285 1268 3335 mirere

169 3348 285 3413 explerit
302 3364 416 3398 verrom:
441 3350 513 3396 timor
534 3357 687 3400 oecaecocerrt
709 3358 783 3400 artur.
816 3353 938 3401 Bartlriue
958 3365 1018 3410 ιιι,
1038 3355 1070 3401 20
1092 3349 1189 3398 frustra
1208 3364 1269 3413 ope·

170 3427 225 3481 ram
247 3412 314 3462 indit
342 3414 368 3461 io
396 3413 455 3461 loco
485 3414 659 3464 emaculando.
695 3415 784 3465 Heinr.
821 3417 897 3479 thue
917 3420 969 3466 erut
994 3416 1056 3463 read
1080 3417 1170 3473 tamur,
1193 3414 1270 3463 errari

168 3478 281 3540 largitore
307 3483 403 3538 remoto,
431 3477 481 3526 Nec
508 3494 572 3537 rear,
602 3480 739 3542 odapicierr,
775 3487 807 3529 ut
832 3481 913 3530 Orid.
951 3479 1000 3528 Vix
1025 3493 1105 3535 mem
1139 3478 1185 3527 ubi
1215 3478 1268 3526 vid.

170 3542 236 3594 Not.
269 3542 310 3593 Jo.
336 3541 492 3590 Schraderur
520 3557 569 3591 em.
594 3544 701 3603 Nereine,
723 3546 753 3593 od
774 3545 872 3608 speciem
893 3550 912 3593 t.
946 3541 978 3590 ln
999 3542 1074 3591 Voar.
1102 3549 1268 3591 excecaverat.

170 3610 260 3658 —1aa
284 3608 339 3655 Noa
359 3606 571 3656 ariam...mortem
587 3608 637 3657 ltlr.
661 3608 759 3658 Koeler.
791 3609 895 3671 implerit
917 3607 990 3656 Voce.
1010 3621 1053 3670 ap.
1076 3606 1269 3655 Priamum.—

171 3675 229 3723 2⁰⁰.
251 3687 335 3733 cerum,
356 3673 503 3732 longuexere
521 3672 589 3733 copie
614 3673 664 3720 ilia.
685 3674 797 3722 Helmrt.
840 3672 929 3720 Heius.
949 3685 999 3719 ern.
1020 3671 1196 3731 Qaae,...redit,
1213 3670 1269 3721 rell.

172 3734 291 3798 formido,
309 3736 348 3784 rel
362 3737 597 3798 Qroe...lcaguerccre
608 3738 688 3796 desiit,
704 3752 739 3786 sc.
752 3740 920 3786 mena—2⁰1.
938 3734 1023 3796 bpuger
1041 3742 1107 3784 vett.
1129 3734 1189 3784 edd.
1208 3742 1270 3784 ante

172 3799 265 3850 Bemb.
309 3801 386 3861 quatit
409 3815 496 3864 equos,
517 3814 567 3847 uon
591 3797 707 3862 flagrum,
732 3809 761 3850 rrt
781 3800 919 3864 supplebat
937 3801 1061 3861 Scaliger.
1103 3799 1191 3848 Idem:
1212 3800 1271 3847 Jom

172 3864 280 3927 probra
291 3864 388 3924 biiuges.
424 3867 486 3913 Mox
500 3863 566 3912 metra
578 3870 642 3912 vett.
654 3864 724 3922 cdd,
740 3873 768 3914 et
786 3865 855 3926 binc,
871 3866 928 3929 quir
940 3864 1078 3913 crederet?
1093 3862 1155 3911 edd.
1167 3863 1270 3912 Fabric.

141 3950 150 3962 ·
172 3926 260 3977 mim.
294 3930 415 3977 Felieiter
431 3929 520 3977 Heinr.
535 3930 636 3992 Jamque
645 3932 699 3975 mro
709 3930 823 3978 0.-000.
839 3927 1150 3979 meretricemne.
1187 3929 1272 3990 Vesper

170 3992 425 4054 rambertcedd.
441 3990 705 4043 obOEtuconf.adr.
725 3998 753 4042 41
774 4007 861 4056 cupra.
894 3993 976 4041 odoro
994 3993 1044 4041 Ma.
1061 3991 1173 4041 Helmat.
1206 3992 1272 4041 Mox

173 4066 199 4102 r.
211 4058 260 4103 208
270 4057 444 4116 duplicantiimr
455 4064 494 4105 ert
505 4072 551 4119 pro
562 4057 595 4105 du
616 4055 797 4105 immineam.
815 4057 915 4119 Noluit,
931 4063 1004 4119 puto,
1019 4056 1045 4104 ia
1055 4055 1157 4117 reperiere
1174 4054 1273 4118 dicere,

174 4129 208 4163 ne
218 4116 440 4169 confunderentur
452 4135 530 4170 vocer
549 4129 577 4170 et
593 4073 668 4171 ieret
684 4119 817 4196 imparem
851 4120 960 4170 Arcena.
976 4126 1005 4168 ct
1015 4118 1124 4168 Tanbm.
1138 4118 1271 4182 jungunt:

173 4178 231 4230 dare
246 4181 351 4244 requiem
367 4185 394 4231 ia
408 4187 573 4235 aram-roo.
589 4185 663 4250 prm
679 4188 813 4254 requierant
830 4185 933 4235 morire
947 4198 1038 4252 rmore.
1071 4183 1156 4249 Magia
1172 4196 1274 4235 cecoru-
