2730 4686
533 828 536 833 ·
565 794 890 875 PROOEMIUM
1012 796 1014 800 ’

699 1112 739 1159 ΙΝ

350 1344 1070 1555 carcinoma.

189 2269 193 2275 g
211 2191 409 2256 Macorrrrra
428 2185 603 2268 Catalerra,
617 2188 650 2253 h.
665 2209 695 2254 e.
712 2190 746 2253 ia
757 2208 927 2255 numerum
941 2190 1056 2269 relata,
1072 2193 1272 2277 conscripta,

172 2292 314 2359 calleci&
324 2291 482 2367 carmina,
493 2287 662 2359 κατάλεκτα
675 2286 735 2363 ἔτη,
750 2289 804 2354 vel
820 2286 1012 2367 catalecton,
1025 2290 1099 2355 scil.
1113 2291 1272 2371 libellum,

172 2394 358 2477 scripsisse,
384 2392 580 2476 pervulgata
606 2412 658 2456 res
686 2397 757 2469 θεὶς
785 2411 894 2474 eaque
921 2392 1051 2456 credita
1076 2410 1144 2455 non
1170 2393 1271 2459 modo

169 2494 379 2562 librariorum
388 2493 465 2573 fide,
481 2495 538 2577 qui
546 2490 683 2575 Virgilii
693 2493 820 2557 nomini
833 2493 931 2577 plura
942 2494 1129 2577 ascripsere
1142 2499 1271 2573 temore,

170 2598 327 2683 quoniam
340 2596 384 2660 ad
406 2596 532 2660 calcem
558 2595 713 2660 codicum
726 2592 860 2678 Virgilii
886 2593 1058 2679 poiimaiia
1078 2594 1180 2659 modo
1199 2595 1271 2662 hara

169 2696 271 2763 modo
285 2697 353 2775 illa,
369 2703 469 2782 prout
490 2697 645 2781 spatium,
671 2695 761 2780 quod
784 2697 942 2775 vacabat,
964 2702 1108 2779 caperet,
1134 2697 1273 2779 appicta

170 2798 340 2879 videbant3
363 2819 477 2863 varum
491 2805 523 2863 ct
536 2798 836 2864 Grammaticorum
853 2799 1061 2875 auctoritate,
1077 2796 1271 2862 Pseudoda-

170 2901 240 2966 mti
254 2902 288 2964 in
301 2900 385 2964 vita
399 2900 529 2983 Virgilii
553 2901 583 2985 ᾗ.
605 2899 661 2975 28,
686 2905 720 2964 ct
744 2886 981 2963 Pseudoservii
1008 2897 1051 2960 aa
1080 2898 1158 2961 AEn.
1186 2915 1197 2960 1
1222 2919 1271 2981 pr.

55 3004 58 3011 '
171 2996 274 3077 Nam,
286 3005 434 3064 neutrum
448 3001 559 3064 locum
585 3001 628 3063 ab
652 2999 788 3082 antiquo
811 3000 924 3082 aliquo
951 2997 1177 3063 Grammatico
1198 3020 1272 3081 pm-

170 3091 292 3166 se'ctum
306 3122 392 3179 esse,
418 3102 521 3165 multa
534 3101 706 3166 manifeste
731 3102 890 3184 prodant3
912 3107 956 3178 et,
982 3120 1083 3186 quam
1105 3101 1189 3164 levis
1214 3099 1272 3165 ho-

169 3203 295 3266 minum
323 3202 407 3266 fides
434 3205 489 3278 sit,
519 3205 620 3266 etiam
647 3204 711 3268 hoc
740 3204 858 3284 arguit,
890 3201 978 3286 quod
1010 3203 1078 3266 alia
1104 3201 1275 3285 poematia

171 3301 313 3386 Virgilio
328 3305 484 3380 tribuunt,
500 3325 576 3385 quac
591 3307 665 3389 ejus
678 3324 744 3370 non
760 3324 834 3369 esse
848 3303 974 3387 liquido
997 3309 1137 3369 constat.
1183 3303 1273 3368 Nam

169 3405 277 3489 priora
297 3405 393 3469 loco:
425 3401 581 3466 Poiricam
595 3427 672 3487 paer
686 3405 872 3488 arripiemus,
895 3403 927 3466 ir
950 3401 1275 3466 Balciam-Deinde

171 3502 350 3570 Cataleclon
379 3517 407 3569 et
443 3504 611 3587 Marciam,
646 3521 673 3572 et
711 3504 875 3590 Priapeia,
912 3518 939 3569 et
978 3504 1214 3590 Epigrammata
1245 3517 1272 3572 ct

169 3602 272 3672 Diras
303 3617 332 3669 ei
364 3605 510 3679 Cara-em,
538 3631 605 3671 cam
633 3619 705 3672 esset
731 3629 882 3670 ancoram
913 3605 1096 3693 qaindecim.
1159 3607 1273 3674 Altero

169 3715 295 3777 autem:
322 3709 451 3792 Scripsit
474 3723 576 3774 aulem
598 3722 708 3792 septem
731 3710 796 3772 rice
817 3726 882 3770 orto
905 3706 1090 3773 librarios:
1117 3708 1273 3787 Ciuicam,

172 3809 314 3888 Eiram,
346 3808 493 3890 Calicem,
523 3811 682 3897 Priapeia,
715 3810 907 3890 Catalauni,
939 3810 1187 3898 Epigrammata.
1212 3810 1274 3873 Co-

164 3934 252 3998 pam,
277 3911 386 3976 Diras.
434 3914 493 3984 Est
507 3924 617 3981 tamen
628 3916 922 3998 antiquior‚eaqac
934 3916 1075 3995 gravior,
1091 3914 1273 3976 auctoritas

169 4005 308 4079 Ausonii
336 4018 371 4077 in
395 4016 677 4101 Technopaegniot
718 4012 781 4077 Dic
805 4014 881 4100 qaid
912 4014 1083 4099 significem
1108 4008 1274 4074 Caralecta

172 4109 349 4180 Maronia?
392 4116 479 4201 Ergo
511 4118 585 4205 jam
611 4119 738 4185 sacculo
766 4132 806 4187 lv
835 4117 918 4194 tales
946 4116 1142 4192 Catalccton
1168 4112 1274 4180 libelli
