2730 4686
615 341 729 402 uram.

122 494 238 562 letare
250 493 424 561 barbarico
439 490 582 578 Cybeles
596 493 744 559 antistita
756 493 861 571 buxo,

121 595 246 662 Infelix
261 595 353 677 virgo
367 600 439 659 tota
451 597 632 659 bacchatur
645 597 680 658 in
693 598 775 660 urbe
786 615 795 675 3

120 697 201 762 Non
214 703 343 782 styrace
359 697 454 761 Idaeo
465 696 648 778 fragrantes
664 698 756 778 picta
769 695 924 778 capillos,

121 797 264 880 Cognita
277 817 342 860 non
357 799 479 860 teneris
494 796 637 880 pedibus
652 797 812 880 Sicyonia
824 812 972 872 servans,
998 798 1001 804 ’

120 900 201 965 Non
214 902 313 963 niveo
325 901 466 964 retinens
480 901 624 963 baccata
636 899 774 962 monilia
787 899 886 962 collo.
1160 896 1228 965 ltu

122 1000 469 1066 Multumilliincerto
483 1000 649 1083 trepidant
662 1002 804 1083 vestigia
818 1020 927 1064 cursu.
1223 1007 1225 1011 ’

122 1101 221 1187 Saepe
235 1103 321 1167 redit
334 1104 460 1184 patrios
475 1102 655 1166 ascendere
669 1102 803 1187 prodita
816 1121 948 1182 muros3

119 1202 306 1287 Aeriasque
320 1204 402 1269 facit
415 1224 552 1269 cansam
567 1225 602 1268 se
614 1208 720 1269 visere
733 1211 847 1269 turres.
993 1219 995 1222 ⁴

121 1304 220 1390 Saepe
234 1306 335 1370 etiam
350 1307 461 1371 tristes
474 1307 612 1370 volvens
626 1307 661 1369 in
674 1312 772 1371 nocte
787 1307 948 1389 querelas,

122 1560 266 1616 Bronkbus.
284 1565 316 1615 ad
336 1565 458 1630 Propert.
467 1565 490 1628 r,
500 1563 525 1629 6,
536 1564 550 1615 6
563 1560 591 1615 e't
601 1565 671 1615 alios.
706 1567 829 1616 Ceterum
840 1565 914 1615 simili
925 1566 1001 1616 modo
1012 1564 1131 1617 Sithones
1142 1578 1170 1618 ae
1180 1561 1224 1619 ba·

121 1631 200 1679 beat:
218 1631 244 1678 ia
255 1630 335 1694 poeta
346 1636 386 1678 est
397 1629 564 1694 Sithoniasque
574 1631 648 1688 ames,
658 1637 685 1678 et
696 1631 834 1680 AEdonides
846 1631 870 1679 ai
879 1633 902 1679 r'
913 1631 946 1681 dri
955 1631 1035 1697 βήσσῃ
1044 1630 1139 1691 litorio
1149 1629 1227 1696 recipe

121 1693 159 1743 dri
168 1692 249 1757 μόριον
260 1692 380 1756 ἀέξουσιν
391 1694 461 1757 apud
475 1695 597 1744 Parthen.
609 1709 632 1743 c.
645 1699 684 1743 11.
722 1697 754 1742 Et
765 1702 824 1744 sunt
837 1705 922 1745 tamen
935 1697 1025 1760 Stepb.
1039 1698 1100 1759 Byr.
1113 1695 1222 1745 Σιθόνιοι.

121 1758 174 1807 vid.
184 1759 217 1807 ad
229 1758 285 1808 Ecl.
299 1771 328 1820 x,
338 1763 470 1808 66.-166.
487 1759 589 1807 doctam
597 1758 639 1806 ed.
648 1759 720 1808 Scot.
733 1759 833 1809 fabric.
844 1761 872 1808 F.
882 1764 975 1809 tartare
986 1759 1168 1809 Heius—168.
1181 1759 1226 1824 Et,
1308 1798 1311 1803 ¹

121 1827 171 1885 ast,
179 1837 315 1897 perperam
325 1821 385 1882 alii;
402 1830 430 1871 et
442 1822 521 1886 vulgo
532 1828 631 1879 nme.
644 1829 672 1871 nt
684 1823 779 1871 seriore
795 1838 851 1871 aevo
863 1824 1021 1873 scribebant.
1052 1824 1118 1887 picta
1128 1821 1225 1887 capillos

121 1899 171 1937 nau
183 1887 316 1949 intelligo;
334 1884 353 1934 f.
364 1890 436 1935 sacto
443 1902 454 1943 ‚¹
470 1884 646 1948 etfregmtes
653 1888 749 1949 capillos
757 1887 825 1935 band
838 1887 924 1948 dubie,
934 1887 1141 1951 conflagrantes,-
1155 1892 1187 1935 nt
1196 1884 1224 1936 ln

121 1949 257 2001 vettadd.
285 1949 369 1999 Video
378 1964 481 2014 quoque
492 1950 691 2000 laudarievett.
704 1952 794 1999 risam
802 1951 898 2014 persam
910 1953 1012 2015 mpiltos.
1041 1951 1224 2014 ticinensis,

121 2016 162 2064 vei
173 2018 246 2076 tacta,
257 2015 297 2063 vei
310 2016 376 2062 laute
388 2014 522 2076 tentabat;
548 2015 624 2063 tincta
643 2016 685 2064 do.
703 2015 839 2063 Schrader.
857 2021 886 2064 et
896 2014 1092 2067 Jacobs-les.
1111 2012 1224 2078 Sicyonia

120 2077 232 2142 primum
248 2091 376 2141 apparere
387 2078 464 2127 video
475 2078 501 2127 in
515 2078 624 2126 Aldina:
652 2078 801 2128 restituerat
809 2080 863 2143 jam
875 2079 1024 2141 leopardus
1036 2079 1061 2126 in
1073 2076 1223 2129 amonuit.

121 2156 132 2191 r
157 2147 197 2204 11,
214 2156 274 2191 cnm
295 2142 320 2190 in
341 2148 407 2191 vett.
429 2141 489 2191 edd.
507 2150 576 2191 esset
593 2143 629 2190 sic
646 2143 733 2191 omnis.
767 2144 882 2208 Sicyonii
892 2144 973 2194 calcei
985 2143 1039 2192 noti
1051 2153 1119 2192 erint.
1153 2139 1226 2194 conf.

120 2178 227 2255 llaabm.
244 2208 277 2255 rt
296 2206 416 2267 Σικυώνια,
426 2206 482 2255 scil.
501 2205 646 2266 ὑποδήματα.
681 2207 751 2256 Male
769 2208 872 2270 Cognita
892 2208 925 2256 ad
942 2208 1076 2271 superiora
1089 2202 1225 2257 retrabunt

120 2269 206 2335 vnlgg.
218 2269 294 2330 edd.·;
312 2285 371 2319 nam
382 2276 444 2320 sunt
454 2270 567 2335 Sicyonia
578 2273 681 2334 cognito,
692 2278 721 2319 ut
732 2272 793 2321 alias
804 2277 869 2334 aeta,
886 2268 980 2336 quibua
992 2273 1035 2321 ilia
1047 2273 1146 2331 ntitnr;
1170 2269 1226 2336 api·

122 2333 212 2384 theton
229 2348 332 2383 ornans.
366 2334 481 2397 Scaliger
501 2343 560 2398 post
579 2336 740 2398 Ascensium,
750 2343 780 2384 ut
792 2336 875 2395 video,
887 2335 1032 2401 refragabat
1045 2336 1156 2398 Condita,
1167 2332 1225 2400 qni·

121 2398 169 2448 bna
178 2398 325 2448 conduntur
355 2398 425 2458 edes,
443 2408 470 2448 et
488 2399 617 2463 beop'ard.
630 2401 648 2449 1.
660 2415 682 2449 c.
696 2400 830 2449 Corasaoda.
865 2401 984 2462 benaias,
1002 2400 1094 2448 doetus
1111 2395 1202 2462 juveni
1222 2416 1225 2421 ·

121 2461 155 2511 ad
165 2462 261 2512 Catulli
273 2464 323 2526 Epi
355 2463 708 2527 .Pe1.e0atutlo(ee,rea)
719 2464 787 2527 conj.
803 2465 886 2512 Mettio
898 2465 939 2512 vel
951 2464 1072 2525 Tegraiaa.
1105 2412 1243 2512 Sisemll.

122 2526 245 2589 ascripto
257 2526 380 2575 recedere
392 2526 468 2588 ausis,
477 2527 558 2575 murita
569 2527 620 2575 alia
631 2527 746 2575 scribere
756 2528 947 2577 liceret-lto.
960 2528 1101 2590 Perperanr
1112 2525 1225 2575 dasem

121 2590 235 2639 retinent
246 2590 304 2638 edd.
317 2591 485 2639 recentiores.
525 2591 658 2639 Hecatam
675 2590 761 2639 monile
779 2591 834 2654 ipse
853 2591 930 2639 Maro
949 2590 1020 2638 dedit
1033 2592 1090 2638 AEu.
1103 2603 1123 2650 r,
1133 2593 1225 2639 tibba-

123 2657 179 2703 172.
193 2655 298 2717 prodita,
308 2655 364 2703 scii.
376 2664 472 2704 amore.
506 2653 558 2702 Sed
570 2655 612 2701 vix
624 2654 672 2703 boe
684 2655 769 2702 omitti
782 2660 894 2717 poterat.
927 2655 989 2717 Leg.
1000 2655 1103 2716 perdita,
1113 2659 1143 2700 ut
1154 2665 1225 2717 trapa

124 2727 239 2767 amantes
256 2716 384 2768 dicuntur.
416 2717 459 2766 Sic
477 2715 525 2766 inf.
543 2721 599 2766 428.
634 2718 790 2781 ltaquoqne
802 2715 951 2766 emendasse
972 2726 1030 2779 post
1042 2718 1156 2764 Danaam
1168 2716 1225 2780 jam

122 2781 186 2832 alios
197 2796 266 2831 nnnc
277 2781 352 2830 video
363 2782 494 2832 Jortiuum
507 2781 583 2830 Misc.
602 2782 680 2831 Obss.
700 2781 759 2829 Vol.
770 2795 809 2843 ιν,
829 2797 856 2844 p.
868 2785 916 2830 619
933 2788 961 2829 et
974 2781 1064 2829 Heius.
1077 2781 1102 2828 in
1113 2778 1225 2830 acbedls.

121 2844 159 2894 At
176 2845 272 2896 Jacobs
291 2860 342 2895 non
361 2845 427 2894 male
446 2845 514 2909 conj.
530 2846 631 2908 percito.
664 2845 758 2894 Graece
775 2845 868 2893 extulit
884 2844 947 2893 redit
962 2842 1227 2906 prorumpentes!

123 2908 265 2972 ascendat),
276 2915 303 2959 et
314 2909 378 2969 fucit
389 2925 483 2959 casanat
493 2924 517 2958 se
528 2911 611 2970 atsere
628 2909 759 2973 praetexit,
774 2909 975 2958 comminiscitur
987 2923 1097 2970 causam,
1109 2916 1138 2956 nt
1149 2907 1225 2959 visst.

122 2972 180 3022 Etsi
189 2973 237 3022 boc
249 2973 324 3021 valde
333 2975 461 3023 scabrum.
495 2974 587 3022 Heius.
598 2974 693 3037 qnarit
703 2974 729 3021 in
740 2973 827 3022 verbis
835 2989 879 3037 per
891 2987 994 3032 mamm,
1004 2980 1034 3023 nt
1045 2987 1087 3048 ap.
1101 2970 1223 3021 Ovidimn

123 3050 237 3101 saper.
250 3052 273 3087 c.
287 3037 395 3086 Candido
412 3052 455 3100 per
473 3053 567 3085 causam
577 3037 672 3086 batia
683 3042 826 3101 sape-terret.
862 3038 905 3086 lta
915 3037 994 3085 scribi
1006 3043 1101 3099 possit:
1126 3034 1250 3097 emo,

122 3114 167 3164 qne
175 3105 247 3164 purat
264 3116 308 3164 per
316 3116 410 3150 caumas
426 3102 500 3150 risere
511 3108 597 3161 terres,
609 3102 649 3149 vel
660 3101 748 3151 ,lirim
759 3116 865 3166 quernas
878 3116 923 3164 per
940 3117 961 3148 c.
995 3101 1134 3149 Enimvero
1152 3104 1224 3149 totus

123 3179 211 3214 versas
232 3173 323 3214 estex
339 3165 479 3215 variatione
499 3164 677 3215 antecedentis
693 3175 775 3216 natira.
809 3164 1005 3228 Greeneiegit:
1032 3162 1226 3231 &reperirier

122 3231 546 3290 consummaverint:
573 3230 621 3279 Sbs
639 3230 725 3279 timaee
743 3230 838 3292 tmesis,
854 3231 906 3279 tbet
925 3229 965 3278 ste
983 3230 1053 3278 visits
1070 3230 1111 3278 tte
1127 3227 1224 3278 mast

122 3293 203 3342 Estne
222 3293 315 3342 amari
334 3293 487 3357 ob'nrgere?
513 3309 546 3342 au
557 3292 762 3344 voluitaccssut?
787 3295 893 3360 etquid
913 3301 953 3343 est
970 3290 1087 3343 reddere?
1110 3292 1225 3342 volanae

121 3353 340 3407 amsi-lit.
358 3309 400 3407 ila
419 3358 479 3406 olim
499 3356 563 3408 fuit:
587 3359 772 3409 mucamitem
788 3361 923 3422 inspectore
940 3362 1105 3408 crena-itt.
1121 3367 1229 3405 mam

622 3485 730 3546 'Nol'AE

157 3609 204 3655 166
221 3606 310 3668 letare,
326 3607 351 3656 b.
363 3607 426 3656 tibia
438 3605 555 3670 Phrygia
566 3604 655 3655 andita
727 3611 775 3655 168
793 3608 891 3669 Styrus,
910 3606 998 3656 frutex
1019 3615 1047 3655 et
1067 3620 1159 3655 succus
1177 3618 1224 3658 sen

122 3682 290 3733 stimulataet
308 3684 334 3731 in
350 3681 463 3732 furorem
480 3689 548 3732 acta.
581 3680 653 3730 Alias
695 3682 789 3745 pimini
806 3679 914 3730 officinis
933 3681 1016 3729 adbuc
1034 3681 1125 3728 nostris
1150 3679 1225 3742 pbar·

122 3757 213 3807 Gallos
223 3759 355 3807 nominare
366 3758 449 3807 soient
460 3758 554 3822 poeta.
575 3757 654 3805 Forte
694 3755 844 3804 macenticia
856 3754 987 3818 frequens,
993 3758 1075 3803 storax
1084 3755 1160 3818 vulgo
1171 3753 1225 3804 dta-

122 3832 147 3881 b.
160 3831 176 3881 l.
195 3846 288 3881 unaex
300 3832 463 3882 Maenadibus
479 3830 654 3894 intelligenda,
696 3841 746 3894 tus,
762 3846 795 3882 ex
815 3833 889 3896 Syria
908 3833 1057 3894 plerumque
1077 3830 1226 3894 petebatur.

122 3904 158 3956 cf.
169 3907 264 3958 Catali.
278 3922 335 3957 nxu
346 3908 390 3973 (de
401 3907 473 3970 Aty),
484 3911 516 3955 22
527 3923 567 3972 sq.
695 3908 763 3957 Ptin.
775 3920 826 3966 ιιι,
842 3913 882 3968 17,
897 3913 937 3956 46.
970 3908 1105 3971 styracem
1118 3906 1226 3970 idaeam,

156 3986 203 4033 167
221 3981 261 4033 Cf.
283 3983 340 4034 AEn.
357 3996 396 4042 nv,
414 3986 462 4031 366
481 3997 540 4048 sqq.
557 3983 590 4032 de
610 3982 655 4032 Di·
694 3984 719 4034 b.
731 3983 949 4046 Creticum,Piin.
962 3988 1114 4048 xrr,if‚4⁰.
1138 3980 1226 4032 Plinio

123 4055 302 4122 deuectus,
311 4061 360 4107 676
370 4072 409 4122 sq.
423 4056 455 4105 da
465 4057 568 4106 Amen.
601 4057 652 4107 Sed
694 4073 783 4123 pamm
794 4058 898 4123 probari
909 4057 954 4107 lib.
966 4063 1066 4124 xristo,
1078 4064 1118 4120 66,
1133 4058 1191 4124 jam
1208 4070 1228 4106 a

123 4146 180 4196 sqq.
191 4133 413 4184 munbratasunt
421 4134 654 4200 arcessituram,
693 4133 825 4199 scaligero
835 4140 953 4184 notatum
965 4140 1013 4184 ast.
1220 4140 1224 4151 ‘

120 4209 223 4275 tiara·
630 4223 635 4243 ²
