2730 4686
126 488 268 556 Narrare
282 491 359 556 iude
373 488 492 572 incipit
510 486 658 553 sabulum
680 488 722 551 de
742 485 866 570 Scylla,
883 487 962 553 Nisi
985 488 1229 572 Megarensium

124 596 211 676 regis
231 594 311 658 iilia.
357 592 521 659 Habebat
541 589 649 655 Nisus
672 592 706 655 iu
729 592 852 656 vertice
874 593 996 656 crinem
1016 611 1229 676 purpureum,

125 697 197 759 urbi
213 715 253 759 ac
268 714 366 778 regno
379 694 524 770 fatalem,
539 697 577 757 ut
598 693 676 775 capi
698 690 838 774 Megara
858 712 925 757 non
946 700 1102 785 possent,
1114 713 1230 778 quam·

126 796 186 861 diu
198 797 253 860 ille
268 796 445 862 incolumis
460 798 561 858 esset.
606 790 730 870 Minos,
746 791 855 860 Cretae
872 814 944 873 rex,
961 795 1103 877 Megara
1115 796 1229 859 urbem

127 917 203 961 cum
218 897 395 975 obsideret,
408 896 532 980 Scylla,
548 915 624 960 cum
637 914 681 959 ex
694 914 789 961 muro
803 895 884 961 forte
899 917 974 961 cum
988 896 1230 981 prospexisset,

629 1045 735 1097 NOTAE
841 1051 843 1054 ’

127 1159 245 1209 rensibus
272 1175 345 1209 avem
370 1161 442 1210 cirim
466 1159 552 1211 fuisse.
590 1159 660 1209 Mer·
701 1159 837 1225 Πορφυρίην
858 1163 935 1224 ἤμησε
956 1161 1037 1228 epiris,
1056 1157 1171 1213 demetsit
1191 1141 1236 1209 cri'·

128 1248 187 1299 gum
199 1235 359 1299 Megaridem
372 1234 536 1300 frequentare
546 1234 661 1298 (doner)
700 1252 752 1286 sem
760 1254 919 1302 purpuream:
935 1239 970 1290 cf.
988 1241 1073 1303 Toup.
1095 1238 1171 1288 Curae
1189 1249 1236 1284 no-

128 1326 160 1360 ex
175 1313 251 1361 Paus.
263 1326 282 1374 1,
293 1318 318 1375 n,
334 1328 361 1375 p.
371 1317 401 1362 lt
412 1312 502 1362 didici.
701 1312 760 1362 viss.
778 1328 804 1377 p.
823 1319 853 1365 81
874 1323 901 1365 et
918 1314 1039 1378 Apollod.
1071 1312 1185 1363 Auream
1194 1325 1236 1361 co·

161 1388 192 1436 ln
214 1387 308 1436 fabulas
328 1396 414 1437 autem
436 1387 593 1438 tractatione
611 1400 660 1450 per
700 1402 767 1437 mam
784 1397 890 1438 narrant
908 1391 1033 1453 nonnulli,
1044 1387 1151 1440 confusa
1166 1387 1236 1438 forte

128 1464 176 1511 boc
201 1477 303 1512 carmen
332 1463 424 1511 mirum
453 1462 537 1511 videri
558 1468 662 1526 potest,
701 1460 787 1511 fabula
797 1465 883 1528 simili,
894 1481 952 1515 curn
962 1465 1085 1515 Pterelao
1096 1465 1235 1528 Neptunus

128 1538 268 1586 multaris
288 1539 367 1587 verbo
386 1538 487 1601 attingi,
498 1553 556 1603 quas
575 1545 661 1588 tamen
702 1535 922 1589 immortalitatem
934 1539 1083 1590 dedissetis
1095 1541 1127 1604 τῇ
1142 1540 1237 1603 κεφαλῇ

128 1613 229 1677 potiora
243 1613 395 1662 narrationis
411 1614 498 1677 capita
515 1627 572 1663 esse
590 1612 662 1663 vide·
700 1615 793 1676 χρυσῆν
804 1614 958 1679 ἑνθςὶςτρίχα
968 1615 1235 1680 Apollou.11‚s,n,et

128 1687 232 1752 bantur,
253 1698 282 1738 ut
302 1703 385 1738 eomae
412 1689 468 1752 ipsa
494 1689 606 1738 resectio
635 1695 663 1737 ct
702 1691 939 1752 ⁷,ubiconf.Not.
969 1692 1081 1743 Omnino
1092 1691 1160 1741 baud
1171 1703 1237 1741 aare·

129 1764 224 1826 Scyllae
248 1779 307 1812 cunr
337 1764 426 1812 Minoe
446 1769 524 1828 super
548 1779 579 1813 ea
600 1779 662 1826 pac·
703 1769 800 1832 queris,
811 1768 871 1833 quid
883 1768 1003 1835 antiquos
1020 1768 1135 1816 homines
1150 1767 1178 1816 lu
1196 1766 1236 1818 bis

130 1842 175 1889 tio.
203 1841 267 1892 Quas
280 1840 382 1906 quidem
394 1855 436 1890 res
447 1846 492 1890 aut
501 1841 587 1904 poete
598 1840 662 1890 vitio
703 1843 796 1895 fabulis
814 1847 847 1895 ad
864 1847 1073 1913 bocfigmentunr
1091 1846 1237 1908 adduxerit,

130 1926 175 1967 aut
198 1919 248 1967 loci
270 1918 399 1966 lirxatioue
419 1916 537 1966 accidere
563 1916 663 1976 debuit,
702 1927 740 1982 nt,
753 1922 820 1985 quod
832 1922 952 1974 etianrde
967 1924 1089 1972 Samsorm
1104 1927 1236 1978 narratum

130 2005 175 2046 sut
193 2014 208 2046 a
226 1998 311 2062 poium
331 2006 386 2046 arte
406 1995 527 2061 profecta
542 2003 590 2058 eet,
601 1996 662 2045 dum
702 1996 830 2060 novimus,
838 1997 864 2046 in
881 1998 967 2062 capilli
984 2006 1075 2048 natura
1093 1999 1235 2049 mirabilem

129 2073 173 2122 ille
186 2074 278 2122 leviter
296 2081 396 2122 tantum
412 2072 501 2136 attigit
512 2086 550 2136 ea,
560 2088 616 2136 qnae
629 2073 662 2121 ab
702 2072 814 2135 aliquam
824 2073 947 2122 virtutem
959 2074 1064 2124 latuisse
1075 2079 1219 2124 narrarmt.

131 2150 188 2198 aliis
200 2150 337 2214 diligenter
351 2157 426 2198 erant
438 2155 538 2197 ornata.
565 2148 664 2200 Fabula
735 2149 800 2197 Cum
827 2147 880 2212 repit
901 2157 929 2200 et
948 2151 1004 2215 ipsa
1024 2150 1060 2200 ait
1081 2150 1151 2200 iuter
1175 2165 1235 2202 area

131 2226 198 2274 enirn
208 2241 223 2275 a
233 2227 382 2290 multisjam
392 2232 580 2290 erattractata,
589 2225 662 2276 Grae·
702 2225 849 2275 carnivorae
870 2226 926 2276 aliis
946 2227 1053 2277 infestas
1070 2228 1108 2293 (v.
1124 2225 1235 2278 Aristot.

131 2302 171 2350 cis
187 2302 287 2352 scilicet
303 2302 396 2366 poetis,
407 2308 435 2352 et
446 2301 523 2350 variis
534 2299 663 2365 figmentis
702 2301 739 2350 H.
756 2299 807 2350 An.
821 2317 861 2365 rx,
879 2307 892 2353 1
910 2311 938 2353 et
959 2303 1009 2368 1⁷),
1026 2304 1150 2369 putabam
1166 2302 1235 2355 torte

132 2378 210 2427 etiam
222 2393 270 2440 per
282 2379 533 2442 interpretationem,
545 2379 665 2443 exemplo
704 2377 814 2427 nominis
836 2380 918 2428 lusum
945 2378 1040 2430 fabulae
1059 2380 1238 2444 opportunita-

131 2454 210 2518 ipsius
221 2454 378 2517 Callimachi,
395 2455 421 2503 in
436 2453 531 2516 Aleion,
548 2455 663 2505 redata:
705 2452 882 2514 renidentias,
899 2469 948 2504 uec
960 2460 1046 2505 tamen
1057 2470 1113 2505 cam
1125 2469 1199 2505 avem
1209 2455 1236 2503 iu

133 2531 200 2594 quod
221 2530 248 2578 iu
275 2531 330 2594 ipso
359 2530 482 2593 carmine,
503 2531 552 2580 etsi
574 2545 664 2594 parum
704 2527 752 2576 hac
766 2526 862 2579 ,sabula
889 2537 1058 2579 memoratam
1081 2529 1142 2578 vidl.
1183 2529 1236 2579 Sed

132 2606 246 2671 poetice,
258 2607 403 2670 exponitur,
421 2623 471 2656 vss.
489 2613 521 2656 nr
538 2622 605 2673 sqq„
621 2609 665 2657 ubi
704 2603 818 2665 Scyllam
829 2617 844 2651 a
856 2604 945 2653 Mincii
957 2619 989 2652 ex
1005 2604 1065 2652 navi
1081 2618 1237 2668 suspensam,

131 2681 183 2731 uid.
196 2683 259 2731 Not.
278 2682 448 2747 Nequeadeo
459 2682 665 2748 Hyginusimci.
705 2683 733 2726 et
755 2677 858 2742 quidem
888 2679 1065 2742 gubernaculo
1096 2681 1237 2756 alligatam,

133 2758 176 2809 tiae
188 2759 348 2809 accusandus
360 2768 427 2821 erat,
442 2760 485 2825 qai
503 2759 556 2810 sab.
576 2765 622 2810 los
639 2761 665 2810 iu
704 2751 765 2801 inde
776 2752 887 2812 institia]
898 2768 971 2804 avem
982 2763 1117 2820 mutatam,
1127 2757 1238 2812 tradide-

131 2834 230 2900 piscem
246 2843 371 2885 mutuam
381 2850 438 2886 ως
453 2837 566 2900 scyllam
580 2852 665 2888 num.
704 2835 746 2878 rat
757 2844 859 2895 quoqne
876 2830 1119 2895 Metamorphoseou
1140 2832 1238 2896 libello,

133 2911 180 2960 vit.
214 2911 370 2964 Tradiderat
383 2918 411 2961 et
428 2911 478 2961 boc
489 2913 591 2963 scilicet
602 2915 666 2964 alius
706 2907 751 2973 qui
767 2921 835 2956 ¹¹¹¹¹¹c
851 2907 921 2958 inter
938 2909 1088 2973 deperditi„
1107 2915 1157 2970 0⁸²2
1174 2909 1239 2972 Ρὸῐτ

132 2987 220 3050 podta,
230 2988 297 3038 forte
308 2988 430 3052 Tragicos
440 2989 541 3054 aliquis.
561 2991 666 3056 AEscby.
706 2985 823 3035 tbenius:
841 2991 870 3034 ut
880 3000 913 3035 cx
930 2986 1066 3036 Eustatlrio
1077 2986 1110 3035 ad
1128 2987 1237 3049 Dionys.

133 3064 174 3111 lus
185 3063 273 3113 monili
284 3078 362 3113 aureo
375 3073 524 3128 corruptam
541 3067 664 3131 Scyllam,
705 3061 810 3126 Perieg·
828 3065 877 3110 ⁴2⁰
898 3060 979 3110 didici
996 3064 1034 3127 (ν.
1055 3060 1088 3112 de
1110 3077 1141 3113 eo
1163 3062 1238 3112 Meil-

133 3138 224 3200 φοινίας
235 3138 356 3202 Σκύλλαν,
368 3139 450 3188 Minoi
468 3142 548 3204 patria
565 3142 665 3193 immor-
705 3154 791 3189 maun.
808 3137 937 3190 decausis
949 3138 1115 3189 etauctorib.
1131 3140 1238 3190 Narrat.

133 3216 212 3264 talem
224 3216 347 3278 capillum
364 3213 494 3280 (ἀθανάτην
511 3216 594 3282 τρίχα)
608 3236 666 3285 pro.
706 3216 865 3267 demutatis
887 3215 973 3266 formis
1002 3231 1061 3280 pag.
1083 3214 1135 3279 88).
1176 3214 1237 3267 anr

133 3289 243 3340 didisse:
260 3288 352 3352 κιχάνει
364 3289 391 3340 dd
399 3310 440 3347 μιν
449 3293 541 3356 Ἑρμῆς,
553 3297 620 3360 quod
631 3298 665 3346 sd
706 3293 773 3344 hunc
784 3301 873 3343 nostro
885 3292 970 3356 po‘e'tae
981 3301 1041 3340 ante
1057 3292 1145 3342 oculos
1159 3288 1238 3343 fuisse

134 3367 226 3417 Nisum
244 3367 326 3419 refert
344 3370 451 3433 ejusque
469 3379 577 3423 mortem
590 3374 666 3424 Sebo-
706 3370 841 3434 probabile
853 3369 917 3420 facit
928 3369 1040 3419 studium
1058 3367 1193 3418 Parthenii
1205 3367 1240 3417 le·

133 3443 237 3506 liutet,
254 3446 348 3495 uiride
358 3447 446 3509 Scylla
457 3446 500 3495 illa
515 3449 667 3511 accipienda
706 3446 783 3511 gandi
799 3455 827 3497 et
843 3446 922 3495 latina
933 3446 1110 3508 convertendi,
1122 3445 1191 3509 quod
1203 3445 1240 3493 in-

134 3530 220 3585 putes,
231 3529 259 3570 ut
268 3523 420 3587 exquisitior
428 3523 514 3587 aliqua
523 3522 602 3572 fuerit
610 3539 667 3574 nar·
707 3533 749 3575 ter
760 3526 864 3575 Latium
876 3524 965 3588 poetas
976 3538 1095 3588 maguum
1106 3521 1163 3572 fuit
1181 3522 1239 3572 Hos

134 3598 199 3649 ratio
211 3600 243 3648 de
261 3614 337 3663 poena
355 3614 403 3664 per
414 3600 573 3650 Mercurium
591 3601 672 3650 abeo
707 3609 793 3652 autem
805 3603 830 3651 iu
841 3602 998 3665 argumentis
1010 3599 1139 3664 mythicis,
1150 3614 1165 3648 a
1177 3597 1240 3662 poli·

134 3685 227 3726 sumta.
261 3676 337 3725 Prior
354 3682 440 3726 nmen
458 3677 598 3742 explicatio
609 3693 667 3728 cunr
709 3679 815 3729 tioribua
833 3677 919 3742 politis
938 3675 1039 3727 Graecis
1056 3673 1185 3736 tractatis,
1203 3673 1241 3730 inf

134 3752 306 3815 eocouveuit,
319 3752 390 3817 quod
407 3752 474 3815 apud
493 3751 614 3816 Apollod.
627 3761 667 3804 est
708 3757 795 3821 primis
819 3754 922 3818 ingenia
946 3751 1101 3813 exercuisse,
1122 3756 1163 3799 tot
1184 3749 1240 3799 aliis

134 3844 179 3893 rra,
192 3837 231 3893 lo,
246 3836 262 3881 8
279 3829 368 3888 ταύτης
382 3829 544 3892 ἀφαιρεθείσης
554 3834 674 3893 τελευτᾷ·
708 3830 875 3892 carminibus,
886 3842 992 3894 quorum
1005 3826 1126 3875 nonnulla
1137 3839 1239 3891 quoque

135 3910 257 3960 Ceterum
276 3908 412 3971 AEschylus
428 3907 461 3956 sd
478 3909 609 3959 avaritiam
627 3926 667 3960 re·
708 3904 1082 3969 servatasurrt,satiscorrstat.
1116 3904 1239 3957 Ceteram

134 3985 187 4036 t‘ert
197 3987 290 4050 Scyllae
303 3983 411 4047 facinus,
422 3983 492 4049 quod
501 3985 545 4034 alii
556 3986 589 4035 ab
600 4003 668 4038 umo-
682 4022 683 4026 ,
708 3986 802 4038 similia
820 3989 972 4048 argumento
993 3987 1053 4030 sunt
1073 3979 1194 4031 nonnulla
1212 3981 1240 4033 iu

135 4078 164 4114 re
185 4065 284 4115 incesto
308 4070 437 4127 repetunt
480 4063 574 4128 Capilli
597 4066 668 4116 color
709 4060 840 4125 Propertii
852 4061 923 4121 Eleg.
933 4072 961 4107 rv
973 4056 1034 4106 libri
1042 4070 1072 4106 ιν
1082 4056 1116 4106 de
1124 4056 1241 4121 Tarpeia,

136 4157 282 4210 purpureus
291 4142 444 4207 aplerisque
453 4142 577 4204 traditus,
589 4144 668 4195 etiam
709 4155 767 4209 quae
775 4137 877 4190 Sabinis
888 4134 1044 4202 Capitolium
1056 4132 1179 4200 prodidit.

137 4236 154 4270 a
173 4219 333 4273 Callimacho
351 4219 421 4285 apud
441 4217 514 4270 autu
533 4219 560 4269 lu
582 4217 668 4282 sm.
