2730 4686
392 398 671 449 ettonamm'rmt
693 398 940 453 assultuum.

120 539 275 630 Infandos
289 540 438 607 scelerato
452 563 592 607 manusc
608 540 687 606 eade
702 553 827 607 cruenta
840 572 852 618 ,·

115 644 161 709 Et
169 642 283 729 gelidis
298 643 446 709 bacchata
451 645 545 732 jugis
559 645 710 731 requievit
726 645 759 709 in
773 656 877 726 antro,

114 743 276 809 Posterius
289 768 410 832 punam
423 748 494 810 nati
508 747 546 809 de
560 755 657 810 morte
671 744 799 810 datura.

116 844 180 910 Hic
195 848 289 910 etiam
303 848 400 912 viridi
414 847 550 911 ludentes
566 843 671 936 Panes
685 847 720 909 in
733 846 828 911 berbo

114 946 160 1012 Et
177 950 287 1038 Satyri
303 949 508 1037 Dryadesque
522 950 629 1014 cboros
644 971 731 1037 egere
741 948 853 1035 puella

115 1049 274 1117 Naiadum
289 1063 317 1117 et
332 1064 433 1117 catus.
475 1051 609 1116 Tantum
624 1073 685 1116 non
703 1051 844 1137 Orpbeus
860 1048 1002 1117 Hebrum

113 1150 293 1217 Restuntem
311 1153 500 1237 tenuitripis
513 1153 675 1241 sylvasque
687 1144 822 1219 canendo
832 1185 845 1229 =,·

115 1250 275 1320 Quantum
291 1266 320 1318 te
332 1256 443 1340 pernis
457 1265 672 1331 remorantem,
690 1253 791 1335 Diua,
808 1254 941 1333 eborea,-

114 1351 223 1418 Multo
240 1355 560 1444 tibileetofundeates
572 1354 691 1443 gaudia
706 1355 806 1420 vultu.

113 1453 186 1538 Ipsa
202 1457 263 1520 loci
278 1469 390 1522 natura
407 1459 529 1522 domum
545 1466 704 1520 resonante
717 1478 842 1523 susurro

113 1558 174 1623 His
187 1559 294 1641 dabat,
308 1571 338 1626 et
352 1559 547 1646 dulcifessas
562 1556 720 1640 refovebat
739 1560 772 1623 in
787 1559 911 1624 umbra.

115 1660 196 1726 Nam
207 1667 341 1748 primum
356 1685 458 1747 pruno
472 1661 640 1748 surgebant
654 1660 737 1725 valle
748 1672 889 1747 potentes

114 1762 217 1828 Ae'ria
229 1764 399 1850 platanus,·
421 1765 502 1828 inter
516 1784 592 1848 quos
605 1763 703 1846 impio
719 1763 807 1843 lotos,

114 1863 226 1951 Impia,
242 1889 307 1953 qua
319 1866 413 1929 socios
430 1864 534 1928 Itbaci
547 1869 699 1929 manentis
714 1866 828 1952 abegit,

114 1965 250 2052 Hospita
266 1968 339 2032 dum
356 1968 453 2032 nimia
467 1959 566 2033 tenuit
578 1966 738 2033 dulcedine
753 1978 880 2053 coptos‚·

113 2068 174 2145 Aa,
190 2070 299 2156 quibus
313 2070 430 2155 insigni
444 2093 538 2134 curru
548 2071 704 2156 projectus
718 2092 865 2157 equorum

112 2171 281 2237 Ambustus
296 2171 441 2236 Pba'e'ton
457 2173 541 2237 luctu
557 2183 735 2240 mutaverat
749 2183 847 2255 ortus,

113 2272 262 2339 Heliades
276 2274 387 2340 terteris
402 2273 540 2361 impleta
552 2274 681 2340 broebiu
698 2276 824 2355 truncis,

113 2374 258 2440 Candida
271 2376 451 2462 pandebant
464 2375 555 2443 lentis
569 2376 724 2442 velamina
741 2380 846 2443 ramis.

112 2475 281 2554 Posterius,
296 2478 346 2541 eui
363 2476 565 2562 Demopboon
580 2491 692 2544 aterna
708 2480 836 2566 reliquit

111 2576 260 2663 Perfidia
275 2580 421 2657 lumento,
438 2578 538 2643 *dolis
552 2579 626 2643 dum
642 2579 716 2643 lusit
732 2578 864 2644 inultis*

114 2678 218 2750 Quam
232 2683 472 2762 comitabantur,
483 2681 611 2766 satalia
627 2682 777 2762 earmina,
793 2702 932 2768 quercus,

115 2781 251 2852 Quercus
266 2795 337 2849 onte
353 2784 444 2863 data,
463 2782 583 2847 Cereris
596 2804 689 2869 quam
703 2783 830 2860 semina,
845 2783 940 2859 vita,-

113 2884 191 2950 Illos
209 2885 390 2971 Triptolemi
404 2886 538 2951 mutauit
552 2885 652 2950 sulcus
665 2884 780 2948 aristis.

113 2984 187 3069 Hic,
203 3010 350 3075 magnum
366 2987 481 3074 Argon
496 2989 570 3052 nuni
584 2987 685 3066 deam,
699 2984 784 3049 edita
796 2986 891 3072 pinus

113 3085 269 3153 Procerus
284 3089 408 3153 decorat
424 3089 528 3176 sylvas
541 3088 661 3152 birsuta
678 3110 732 3172 per
747 3098 856 3163 artus-3

112 3189 162 3253 Ac
173 3194 255 3274 petit
269 3190 361 3255 airiis
375 3191 550 3278 contingere
552 3189 725 3277 frondibus
740 3201 826 3255 astru
910 3229 912 3233 ·

113 3290 201 3356 llicis
216 3304 244 3357 et
259 3293 355 3380 nigra
370 3304 398 3357 et
412 3291 523 3377 species
538 3291 623 3356 baud
635 3292 706 3356 loto
723 3313 878 3376 cupressus
886 3319 898 3365 ,⁰

115 3391 326 3480 Umbrosaque
337 3398 553 3480 patentfisgus
561 3422 572 3466 ,·
594 3394 767 3480 bederoque
780 3392 913 3481 ligantes

111 3493 266 3575 Bracbia‚
279 3497 445 3582 fraternos
457 3496 585 3583 plangit
600 3518 667 3581 qua
678 3496 810 3581 populus
826 3497 904 3560 ictus

109 3594 191 3680 Ipsa
204 3599 369 3664 succedunt
384 3601 427 3662 ad
440 3621 558 3664 summa
575 3598 739 3662 cacumina
755 3599 854 3676 lerata,

110 3694 314 3787 Pinguntque
329 3702 468 3766 aureolos
482 3701 579 3767 viridi
591 3699 713 3786 pallore
728 3700 908 3786 corymbos:

111 3796 190 3867 Quis
204 3801 315 3867 aderat
330 3805 441 3868 veteris
457 3813 576 3891 myrtus
591 3825 654 3869 nou
669 3799 858 3888 nessiofoti.

109 3904 157 3966 At
172 3904 309 3969 uolucres
319 3904 440 3991 patulis
454 3905 615 3972 residentes
631 3906 735 3971 dulcia
752 3902 847 3968 rumis

611 4066 717 4119 Now

100 4176 196 4243 stores,
212 4184 244 4231 ut
259 4193 285 4231 v.
295 4183 353 4247 112.
366 4183 422 4231 11⁸.
434 4184 572 4233 116-119.
584 4185 641 4233 lto.
713 4177 1076 4244 ansinterpolstiov.1to.
1089 4179 1143 4229 sat.
1157 4178 1212 4227 la.

108 4255 164 4308 1³1.
380 4274 397 4299 ο
682 4259 820 4308 111-114.
835 4257 886 4307 159
896 4260 926 4306 et
937 4257 994 4306 lw.
