2730 4686
582 301 585 308 Ι
623 350 764 401 cuum.
1158 330 1245 407 teat

140 489 275 555 Curtius
288 496 331 568 et,
345 491 465 556 mediis
481 510 580 574 quem
594 491 760 573 qnondam
776 493 913 558 sedibus
926 499 1017 562 urbis

142 590 309 656 Devotum
325 593 422 656 bellis
438 594 619 657 consumsit
632 595 767 676 gurgitis
781 596 938 678 haustus3

141 689 277 756 Mucius
292 700 330 757 et
340 693 483 777 prudens
498 693 647 756 ardorem
663 714 800 776 corpore
815 715 947 777 passus,

140 792 299 875 legitime
315 796 418 859 cessit
432 797 486 859 cui
500 796 606 860 fracta
619 797 768 879 potentia
782 796 897 879 Regis.

140 893 209 958 Hic
225 894 344 960 Curius
359 896 458 959 clarae
474 898 587 960 socius
602 897 743 974 virtutis,
758 902 791 959 et
801 897 856 960 ille

139 986 334 1074 Flaminius,
349 998 471 1060 devota
484 997 575 1060 dedit
588 998 645 1079 qui
658 1015 801 1078 corpora
814 997 968 1062 flammae.

138 1093 160 1157 J
162 1115 217 1157 ure
233 1098 329 1176 igitur
341 1100 424 1162 tales
438 1101 534 1162 sedes
550 1100 686 1181 pietatis
698 1099 850 1163 honorat.

137 1192 214 1259 Illic
230 1197 462 1282 Scipiadaeque
478 1200 599 1264 duces:
623 1202 744 1265 devota
758 1201 931 1282 triumphis

139 1293 268 1360 Moenia
282 1318 366 1381 quos
380 1299 516 1383 rapidos
532 1299 672 1385 Libycae
687 1299 899 1382 Carthaginis
912 1302 1055 1369 horrent.
1175 1304 1242 1372 370

602 1521 779 1540 ‘conuenae

130 1680 198 1739 sceau
209 1688 276 1732 vetas
286 1684 376 1734 sadum
391 1684 461 1744 (nam
479 1685 516 1734 sic
537 1686 589 1750 leg.
608 1699 655 1750 pro
672 1683 977 1749 memoratarum
987 1699 1072 1747 emm,
1084 1685 1195 1737 Curtius:
1211 1694 1241 1739 ut

135 1746 190 1807 ipse
202 1747 307 1796 Curtius
317 1750 351 1797 ait
361 1747 439 1808 endor,
449 1748 518 1799 fama
529 1758 613 1811 vetus,
622 1756 686 1798 nota
695 1751 836 1813 elegantia:
854 1750 892 1798 nal
904 1750 975 1810 μῦθοι
983 1749 1084 1799 παλαιὸς
1095 1751 1108 1796 ὁ
1119 1748 1240 1813 Κούρτιος.

110 1823 115 1831 ·
135 1809 226 1859 Heius.
239 1819 325 1860 tamen
337 1828 387 1864 em.
407 1814 530 1873 Hicsmao
540 1819 564 1864 et
575 1815 758 1863 actm-862.
776 1831 788 1862 e
798 1815 880 1863 mediis
890 1814 986 1862 Aldina
995 1830 1003 1873 ;
1020 1814 1109 1878 sicque
1117 1815 1241 1866 emendat

134 1873 259 1936 Scaliger.
292 1876 416 1940 Equidem
428 1878 546 1927 desidero
556 1879 582 1927 ιἰι
591 1879 772 1927 mediis-86³.
790 1878 916 1927 Bembina
927 1878 1004 1928 lectio
1014 1887 1062 1927 est.
1095 1879 1169 1927 Vett.
1178 1878 1239 1930 edd.

132 1940 340 2000 gargeriaaadm
356 1942 431 1991 Voss.
451 1950 536 1992 antem
553 1957 640 2004 greges
656 1942 682 1990 ιἰι
697 1943 769 1992 ando.
803 1943 918 2006 Scaliger
937 1943 996 1991 hinc
1015 1939 1129 2004 effingit:
1146 1957 1239 2005 gurges

133 1999 259 2052 ιἰιιιιιιιιιιιι.
296 2007 335 2052 l)e
347 2005 438 2054 Curtio
449 2006 563 2056 narratio
575 2005 625 2056 fuit
637 2004 713 2056 valde
723 2005 835 2069 diversa,
852 2006 920 2071 qnod
931 2007 1046 2068 Scaliger
1062 2006 1118 2069 jam
1131 2007 1238 2058 monuit.

135 2065 166 2114 ln
177 2082 263 2130 pugna
272 2083 331 2116 cum
342 2070 443 2119 Sabinis
455 2068 527 2121 facta
543 2071 591 2120 sub
603 2070 710 2120 Romulo
721 2077 841 2121 narratur
853 2071 895 2120 ille
908 2071 1019 2135 trajecto
1030 2071 1088 2119 lacu
1107 2069 1133 2118 in
1153 2069 1238 2120 medio

134 2128 192 2179 foro
202 2133 287 2180 natvm
298 2135 419 2183 evasisse.
431 2150 455 2184 v.
468 2135 577 2200 Dionys.
594 2135 640 2185 lib.
650 2148 684 2198 ιι,
693 2138 734 2187 42.
768 2136 850 2185 Varro
870 2134 997 2198 triplicem
1020 2134 1151 2183 historiam
1163 2132 1239 2187 affert

134 2193 521 2260 chL.1v‚p.86ed.Dordr.
559 2200 649 2250 Potuit
668 2199 706 2250 ita
723 2212 756 2248 ua
776 2207 803 2250 et
820 2200 870 2249 alia
889 2213 954 2260 esse,
975 2212 1026 2264 qua
1045 2198 1149 2249 Curtius
1167 2199 1193 2247 in
1205 2214 1237 2249 eo

133 2258 190 2307 lacn
202 2260 308 2322 periisse
320 2258 462 2312 ferebatur.
496 2264 537 2313 Fit
550 2271 634 2313 tamen
645 2215 819 2325 mandentum,
835 2263 967 2313 bellicosae
984 2270 1148 2326 corruptum
1167 2261 1237 2315 torte

131 2325 190 2372 tetri
205 2340 227 2374 c.
241 2325 354 2386 gurgitis
388 2326 508 2377 Ceterum
520 2331 627 2378 meolam
643 2334 707 2391 puta
723 2327 813 2377 inseris
833 2328 1052 2377 Manibus—titii.
1070 2331 1128 2378 tot.
1138 2328 1237 2378 Versus

132 2386 158 2434 ln
170 2402 197 2436 se
217 2403 242 2452 q.
254 2390 371 2452 suspicor
382 2405 437 2440 esse
449 2393 535 2455 plnres
545 2392 571 2440 in
587 2391 702 2456 margine
722 2391 849 2455 ascriptos
867 2392 900 2441 ab
919 2391 950 2439 iis
979 2391 1023 2455 qni
1042 2406 1108 2440 nora
1118 2393 1238 2456 exempla

132 2403 263 2529 comedere
280 2454 388 2531 vellent..
415 2459 528 2530 praticae,
544 2457 635 2532 aciens¹
648 2470 679 2534 ac
696 2455 792 2531 rolens.
825 2454 878 2505 Sed
898 2428 960 2519 qnid
979 2470 1016 2530 vs.
1037 2457 1084 2503 ³65
1104 2455 1168 2504 velit
1186 2471 1236 2506 uon

131 2519 1238 2647 :tittthtiltt‘‘itlhltntttnltt'nhittllliutwini?

132 2644 253 2707 legitime
272 2645 305 2693 ad
321 2663 405 2709 passas
424 2656 577 2697 annectere:
600 2654 630 2696 ut
649 2644 718 2697 forte
742 2660 837 2695 cavere
857 2647 969 2694 voluerit
989 2645 1130 2708 politaaten
1150 2661 1183 2695 ne
1203 2647 1238 2697 ob

131 2707 285 2759 maleficium
298 2725 434 2774 perpessus
445 2713 528 2774 ignem
539 2718 683 2774 putaretur.
717 2710 803 2759 Etiam
815 2710 963 2759 burmanno
975 2708 1000 2756 in
1012 2708 1118 2757 Anthol.
1131 2711 1203 2759 Tom.
1217 2724 1227 2759 1

131 2747 1237 2900 n.rnennannum{tenentum

584 2875 591 2888 ·
1106 2872 1113 2898 ι
1230 2875 1239 2902 ι

133 2899 357 2965 huberti-³66.
376 2905 442 2954 Huic
458 2905 488 2953 C.
507 2904 598 2954 Heius.
617 2919 677 2965 em,
693 2901 774 2963 bean
790 2908 818 2951 et
838 2916 895 2950 ιιιοι
915 2901 958 2950 illi.
991 2900 1142 2964 iungenda:
1160 2901 1237 2953 rodas

130 2965 226 3015 arara
245 2971 269 3015 et
285 2967 339 3017 iile:
356 2968 376 3017 si
395 2984 484 3018 versus
505 2983 615 3033 aequem
634 2968 837 3018 deletum-86¹1.
847 2968 956 3031 fiammis
977 2963 1037 3016 edd.
1059 2972 1124 3015 vett.
1156 2964 1236 3017 Hunc

130 3027 292 3091 Flaminium,
312 3032 355 3096 qni
373 3030 481 3082 flammae
493 3047 520 3081 se
540 3032 652 3096 dederit,
669 3046 745 3081 uento
767 3029 846 3080 facile
866 3045 899 3079 ex
921 3029 1027 3078 historia
1045 3035 1134 3078 vetere
1152 3037 1235 3085 eruat.

130 3091 309 3157 hletapborice
322 3097 406 3160 accipi
418 3096 450 3146 de
463 3098 540 3161 hello,
558 3098 675 3163 adeoque
695 3095 728 3146 de
747 3094 872 3145 Flaminio
892 3093 962 3155 Coa,
980 3092 1024 3205 qui
1036 3107 1097 3170 cum
1106 3093 1235 3146 Annibale

130 3156 256 3220 conflixit,
273 3161 401 3225 Scaliger:
421 3162 495 3213 nimis
504 3170 604 3226 argute.
637 3162 707 3211 Satis
719 3160 806 3225 prodit
816 3160 856 3210 rel
877 3158 1129 3221 ineptaaliteratro:
1146 3158 1237 3209 Harii·

129 3221 302 3287 abstemia,
318 3225 351 3274 ab
370 3226 476 3277 indocto
494 3227 595 3276 bomine
615 3240 750 3290 procusum
771 3239 872 3274 versum
892 3238 958 3286 esse,
980 3223 1022 3287 qni
1043 3223 1124 3272 veteri
1149 3222 1235 3287 poetae

131 3287 252 3337 excidere
279 3304 329 3337 non
352 3291 445 3353 potuit
490 3291 715 3341 Accommodatior
743 3290 857 3339 historia
884 3295 924 3336 eat
950 3288 1009 3339 Jac.
1036 3287 1099 3337 Nic.
1127 3287 1234 3339 menan

130 3348 260 3416 Epiphyll.
273 3358 340 3414 11,2
352 3355 514 3406 emendatio:
533 3357 652 3418 Caenina,
671 3359 755 3405 devota
771 3354 838 3403 dedit
855 3356 896 3416 qai
917 3352 1006 3401 iamim
1015 3350 1132 3415 flamia,
1149 3360 1178 3401 ut
1198 3353 1234 3403 sit

129 3423 203 3465 notus
223 3418 267 3466 ille
290 3419 421 3479 Metellus,
440 3419 577 3469 luminibus
596 3420 711 3483 orbatus,
728 3419 796 3483 quod
815 3416 959 3466 Palladium
979 3429 1011 3463 ex
1030 3414 1151 3464 incendio
1171 3417 1233 3466 aedis

128 3478 215 3530 Vestae
237 3489 366 3543 rapuerat.
411 3484 548 3532 Enimvero
571 3483 641 3533 Curii
662 3483 811 3533 memoratio
835 3481 876 3530 vix
897 3480 974 3529 aliurn
997 3479 1234 3543 qnam'Fobricism

128 3546 243 3604 postulat
260 3547 300 3594 vel
320 3547 442 3599 admittit.
476 3548 554 3597 Forte
577 3547 696 3595 librarius
717 3546 806 3595 turbas
826 3544 898 3606 fecit,
918 3558 977 3594 cum
995 3549 1063 3592 esset
1083 3549 1232 3594 exaratum:

129 3608 224 3657 Mucias
233 3616 265 3668 et,
279 3614 383 3672 prudens
393 3615 500 3661 ardorem
518 3625 613 3673 corpore
631 3625 730 3686 pasus..
753 3611 804 3658 Hic
823 3611 918 3671 Cariae,
933 3609 1002 3655 clarc
1010 3606 1087 3656 cocina
1095 3607 1193 3655 virtutis
1208 3615 1232 3657 et

128 3671 167 3721 itte
183 3674 316 3736 Fabricius,
332 3677 402 3724 cessit
412 3677 538 3737 caisneto
548 3679 654 3739 potentia
665 3675 767 3736 Βιςισιι.
799 3673 859 3723 lam
879 3672 945 3719 ascri
966 3677 1019 3718 tum
1037 3678 1171 3732 repererat
1187 3670 1232 3720 ille

127 3734 153 3785 in
161 3739 278 3802 margine
288 3738 352 3789 adr.
365 3745 413 3790 808
424 3743 508 3791 denota
517 3740 582 3790 dedit
591 3736 857 3803 quicerporaflom.
883 3735 939 3784 Nec
947 3686 1024 3797 ionga
1034 3732 1067 3781 ab
1077 3733 1126 3807 boc
1138 3733 1230 3785 aberat

126 3800 168 3852 Jo.
179 3802 411 3855 Schrader-³88.
427 3805 482 3854 tolia
493 3820 539 3868 pro
551 3806 611 3855 tales
622 3803 813 3867 accipiendum:
829 3801 890 3848 dare
901 3798 978 3910 squar
987 3797 1169 3860 aedeaptelctin
1180 3797 1231 3862 pia

126 3866 209 3926 sedes,
218 3867 318 3917 honorat
329 3870 397 3917 talea.
430 3870 526 3918 Versus
538 3882 626 3945 parum
637 3866 736 3917 affabre
744 3878 876 3930 procusos.
934 3867 983 3911 ett.
995 3858 1125 3911 addeum
1138 3861 1230 3913 Petav.

127 3931 355 3982 avocatorom.
389 3933 479 3983 licina.
490 3929 788 3996 connumeremini,
805 3927 892 3978 nescio
913 3940 964 3993 quo
979 3922 1167 4002 tracta-'aua
1184 3926 1233 3977 let·

127 3992 238 4046 hictett.
250 3997 308 4045 edd.
321 3997 560 4062 intemptatumque
575 4000 644 4047 daces
661 4011 712 4072 φιτ
730 4010 777 4044 nox
791 3993 919 4068 triumphet
938 3990 1031 4040 petav.
1064 3988 1232 4067 Scepdmaa

126 4060 195 4109 daces
215 4076 313 4124 qaorum
333 4064 359 4111 d.
381 4067 413 4112 tr.
445 4062 574 4126 Scipiadae
593 4063 681 4126 rapida,
703 4059 748 4124 qui
770 4065 799 4108 et
819 4056 940 4122 Virgrllo:
969 4056 1014 4105 duo
1035 4051 1142 4114 selune
1163 4055 1228 4109 bella.

127 4121 238 4178 Aldinae
264 4125 530 4203 &parasque-ato.
555 4127 648 4176 Mesia
672 4122 788 4174 Remis
811 4122 863 4173 bis.
880 4119 979 4172 Koeler.
995 4127 1023 4169 at
1039 4118 1123 4196 blesa,
1126 4134 1230 4236 1pamm

127 4190 269 4242 commode.
318 4192 410 4244 Monac
439 4193 531 4260 raptata
562 4193 596 4256 t..
617 4191 669 4245 Ma.
692 4188 805 4245 uenat.
860 4185 900 4239 Μ.
925 4199 982 4254 (μοι
1006 4186 1100 4255 repca
1148 4192 1228 4255 etam,
