2730 4686
374 780 420 856 P.
447 779 681 855 vrnonn
714 779 971 859 Minonis
1029 716 1031 720 ’

306 1088 1038 1256 AEN'nrnos

461 1498 723 1588 LIBER
773 1498 887 1584 XII.

556 1815 795 1831 *a*

463 2058 880 2126 ARGUMENTUM.

168 2240 333 2304 Furcrrs
356 2238 486 2319 gemina
509 2255 619 2318 pugna
639 2235 780 2311 Latinis,
794 2231 926 2298 Tunius
941 2253 1017 2300 eum
1032 2234 1142 2300 AEnoa
1156 2238 1225 2301 sin'-

123 2341 231 2423 guiari
270 2339 442 2402 certamine
471 2336 628 2400 dimicare
662 2337 788 2400 statuit.
847 2335 982 2400 Solenni
1017 2347 1226 2404 sacramento

124 2440 333 2506 conditiones
354 2439 542 2504 certaminis
565 2437 742 2521 foedusqne
765 2458 786 2503 a
809 2437 941 2515 Latino,
959 2438 1080 2518 AEnea,
1094 2438 1225 2506 'lurne-

124 2564 190 2627 que
213 2543 369 2608 sancitur.
421 2539 550 2605 Foedus
573 2560 596 2604 a
619 2539 774 2618 Juturna,
802 2537 907 2605 Turni
934 2559 1058 2619 sorore,
1082 2539 1226 2607 Junonis

122 2646 267 2730 impulsu
281 2644 498 2710 disturbatur:
531 2643 725 2727 primusque
749 2642 957 2720 Tolumnius,
972 2640 1060 2706 salso
1086 2644 1224 2726 augurio

122 2747 299 2812 victoriam
313 2747 383 2811 suis
396 2747 576 2831 pellicius,
591 2744 756 2831 'l'rojanoe
770 2743 911 2810 invadit.
954 2743 1082 2810 AEnens
1103 2746 1225 2827 sagitta

121 2849 309 2914 vulneratus
323 2848 484 2912 excedere
508 2848 635 2930 cogitur
658 2864 678 2909 o
700 2846 835 2930 proelio:
869 2864 935 2930 quo
958 2846 1092 2910 absente
1115 2846 1226 2911 maxi·

122 2967 212 3014 mam
225 2954 368 3029 stragem
381 2947 512 3010 'iurnns
526 2948 605 3011 edit.
649 2945 765 3011 Venus
786 2946 954 3012 dictamno
977 2946 1080 3010 herba
1103 2947 1225 3011 vulnus

124 3048 240 3112 AEneae
257 3054 363 3113 sanat.
397 3047 446 3125 Is,
458 3048 591 3114 refectis
606 3049 744 3126 viribus,
758 3069 912 3115 reversus
927 3048 971 3115 ad
984 3066 1129 3133 pugnam
1140 3047 1226 3115 'lirr-

123 3170 200 3214 num
213 3151 408 3215 nominatim
423 3161 533 3216 vocat.
579 3151 647 3216 Sed
674 3170 751 3216 curn
774 3150 927 3230 Juturna,
951 3171 1097 3217 excusso
1118 3149 1224 3216 'l'nrni

122 3252 237 3333 auriga
251 3251 406 3330 Metisco,
421 3273 551 3318 currum
565 3256 638 3340 ejus
651 3253 884 3331 moderaretur,
908 3261 943 3319 et
967 3254 1011 3319 ab
1031 3253 1151 3319 AEneae
1164 3271 1224 3319 oc·

123 3369 222 3416 cursu
236 3352 452 3436 detorqueret,
466 3374 506 3418 ne
520 3355 675 3437 congredi
699 3355 798 3419 simul
820 3360 980 3438 possent;
999 3354 1140 3419 ‘AEneas
1165 3352 1226 3418 ad·

23 3527 26 3531 ⁴
120 3458 212 3519 moto
227 3454 269 3519 ad
284 3455 376 3518 urbis
390 3457 516 3519 moenia
530 3458 690 3533 exercitu,
706 3456 741 3520 in
755 3456 1008 3541 propugnacula
1021 3457 1129 3540 ignem
1143 3474 1225 3520 con·

117 3554 206 3639 jicit.
252 3556 345 3620 Hinc
370 3556 504 3634 Amata,
529 3556 675 3622 Turnum
699 3560 848 3624 occisum
873 3565 959 3636 rata,
974 3559 1094 3643 laqueo
1118 3559 1224 3624 vitam

122 3660 185 3723 sibi
200 3659 328 3724 adimit.
365 3659 507 3737 Turnus,
516 3679 559 3723 ne
570 3662 650 3725 urbs
665 3662 701 3726 in
713 3661 860 3727 hostium
871 3666 1071 3744 potestatem
1084 3661 1224 3739 veniret,

121 3758 165 3826 ad
188 3760 353 3844 singulare
377 3766 541 3825 certamen
564 3759 659 3825 redit.
705 3760 860 3846 Pugnant
873 3761 999 3826 AEneas
1019 3758 1224 3826 et'l'umnst

121 3859 244 3926 AEneas
261 3865 376 3942 victor,
391 3883 467 3928 cum
480 3861 585 3928 'l'umi
603 3861 722 3949 jugulo
745 3863 937 3940 immineret,
955 3863 1093 3947 jamque
1113 3863 1222 3955 ipsius

119 3964 274 4047 precibus
287 3972 398 4032 motus
412 3962 729 4030 admisericordiam
753 3963 959 4045 deflecteret3
991 3964 1068 4028 viso
1090 3965 1126 4027 in
1150 3964 1225 4047 ejus

119 4060 263 4129 humeris
277 4064 443 4132 Pallantia
455 4065 579 4144 balteo,
598 4071 736 4152 repente
754 4065 953 4146 exardescit,
966 4064 1160 4152 hostemque
1174 4064 1226 4130 in·

122 4160 253 4230 terticit.

23 4354 82 4391 ιϊμ.
98 4380 119 4391 .,
