2730 4686
427 330 570 383 vinum.
617 324 747 381 eonon.
774 330 813 381 x.
1074 299 1160 382 1709

54 482 165 546 ganum.
189 480 231 529 rel
242 492 357 533 cuneum
368 487 496 529 amantem
509 479 592 528 hlnsae
630 478 748 540 Boeotiae,
767 492 824 542 qnae
836 477 958 527 ethonis
977 478 1081 528 dicitur.
1110 475 1162 528 Ao·

60 555 233 617 deseruerint,
250 570 318 617 cnm,
330 563 437 619 propter
455 556 592 620 ingenium,
630 554 672 602 nia
683 561 769 604 antem
783 554 867 603 brevis
880 553 910 603 fit
930 555 981 603 Ni:
999 555 1059 618 quie
1078 555 1162 619 sequi·

56 643 147 684 earnm
160 639 230 682 esset
242 633 356 681 antistes.
378 632 452 680 idern.
631 638 674 678 tur
701 630 797 679 visualis
817 631 941 679 vocalem.
991 629 1163 680 Callimachus

91 715 126 758 {u
146 708 260 770 Nqindes]
282 708 326 758 Ito
344 708 447 773 quidem
466 708 594 771 exempla·
631 706 793 770 Aganippem
814 704 912 755 fontem
934 720 990 754 esse
1013 704 1078 754 dicit
1100 706 1164 754 Per·

55 783 340 848 sia-quisdambabent.
366 785 417 832 Sed
426 785 452 832 in
464 783 593 848 perveteri
631 783 707 831 messi
718 781 835 831 fluminis.
852 781 957 830 Senius.

58 861 179 924 exposito
190 858 291 920 codice,
308 860 373 908 etin
384 861 506 920 Romano,
523 867 551 909 et
567 861 593 908 in
664 859 748 907 Aonio
759 859 902 922 Aganippes]
919 858 962 906 Sic
974 857 999 905 in
1015 855 1164 918 Longobar-

60 928 257 999 longobardico
274 935 384 997 Naides,
411 944 440 985 et
460 936 488 983 id
510 942 592 984 recte.
632 933 700 984 dico.
744 934 775 982 ln
800 935 882 983 altero
914 932 1045 996 perveteri
1072 932 1164 982 codice

59 1012 179 1060 Valerius
191 1012 258 1059 enim
274 1012 384 1071 Probus,
400 1012 445 1060 ubi
465 1013 497 1060 de
514 1014 595 1061 nomi·
632 1015 724 1063 abrasa
734 1021 773 1063 est
785 1013 874 1061 ultima
885 1011 992 1074 syllaba.
1011 1010 1165 1058 Sauernin

58 1087 168 1137 nibnss'r
182 1102 246 1150 pum
263 1088 408 1136 terminatis
424 1089 487 1151 ugit,
503 1089 594 1138 eodem
632 1091 756 1153 Aganippe
767 1097 902 1152 utrumqne
913 1087 1018 1137 Servius
1030 1085 1165 1134 nominati·

57 1163 137 1211 modo
154 1163 214 1226 poni
231 1163 305 1223 dicit,
324 1163 385 1212 Lsis
409 1163 504 1227 Laidis,
520 1165 595 1213 'llinis
633 1167 659 1214 vi
671 1181 809 1215 cassinense
819 1165 892 1213 dixit.
924 1162 1084 1215 Quibusdam
1093 1175 1165 1222 vero,

59 1237 174 1300 lbaidis,
187 1237 251 1287 Nais
268 1238 368 1287 Naidis.
403 1240 537 1302 Virgilium
557 1248 595 1289 ta·
634 1243 737 1292 tametsi
747 1257 797 1290 non
805 1241 953 1304 improbent
964 1239 1042 1288 Aonia
1050 1237 1165 1286 nihilab·

57 1328 121 1363 men
141 1315 244 1377 poitice
263 1315 373 1379 Najadis
393 1316 544 1364 terminasse
563 1330 595 1363 eo
634 1317 860 1365 surdumvidetur:
879 1325 908 1365 ut
920 1315 1090 1380 quidixerat:
1102 1314 1166 1375 jugo

56 1391 340 1453 loeo,AEglequndnrn
349 1391 517 1455 pulcherrirna.
537 1393 595 1441 Pie·
634 1393 709 1440 Pindi
725 1399 747 1440 ei
764 1392 886 1453 anmsi,
903 1391 973 1440 diest
985 1391 1063 1438 etiam
1075 1388 1165 1438 eadem

63 1466 126 1517 rius.
634 1467 725 1530 ligura,
743 1467 870 1529 Aganippe
891 1466 990 1515 Aonie:
1012 1465 1095 1530 fitque
1116 1465 1166 1515 hoc

96 1540 210 1605 Indigno]
226 1541 275 1589 Vel
291 1541 452 1606 meretricio,
470 1542 510 1590 vel
528 1554 597 1603 mag·
635 1542 741 1605 genitivi
754 1556 981 1604 connumeremur
994 1543 1166 1603 elanguescat.

61 1631 105 1666 no.
139 1618 208 1666 Nam
230 1624 258 1666 et
284 1618 382 1667 Ennius
408 1617 454 1677 nit,
482 1618 598 1678 Indignus
636 1617 766 1666 Sedenim
780 1618 862 1666 Aonioe
873 1618 1010 1679 Aganippes
1028 1617 1166 1680 legendum

60 1697 150 1751 turres,
166 1692 192 1740 id
209 1701 259 1754 est,
275 1707 389 1756 magnas.
424 1692 477 1741 Alii
491 1693 598 1754 indigno,
635 1708 691 1742 esse
714 1696 813 1743 indicat
832 1694 945 1754 Probus,
974 1693 1016 1757 qui
1038 1694 1096 1741 loco
1116 1693 1166 1741 hoc

63 1780 116 1816 nun
127 1769 187 1831 qnia
197 1768 318 1830 Cytheris
331 1768 437 1830 pulchro
448 1781 498 1816 non
510 1765 599 1831 fuerit,
636 1769 700 1819 dicit
712 1771 825 1834 geminas
837 1770 938 1818 vocales
950 1767 992 1817 ab
1001 1782 1052 1816 nnn
1069 1766 1167 1830 excipi,

62 1842 111 1892 sed
134 1843 194 1908 quia
216 1843 305 1893 Gallus
325 1844 358 1892 ab
379 1858 411 1892 es
431 1852 534 1907 spretus
555 1843 597 1892 sit.
636 1846 753 1909 adeoque
771 1846 894 1909 syllabam
912 1844 1053 1893 ultimam
1046 1858 1071 1891 m
1084 1844 1168 1892 Aonio

63 1918 171 1969 Sunius.
637 1936 687 1970 non
704 1922 775 1985 elidi,
785 1922 831 1971 sed
849 1935 1010 1971 communem
1020 1918 1091 1969 lieri:
1111 1933 1168 1982 pro·

96 1993 354 2056 trasamundum
362 1993 549 2057 ornoreperirei]
568 1994 600 2043 Ῑιι
638 1997 771 2047 discincto
788 1998 961 2063 subsequente
981 1996 1063 2045 vocali
1084 1994 1167 2056 brevi,

63 2070 139 2119 Rom.
162 2070 252 2119 codice
269 2072 363 2133 peribat
388 2073 498 2134 legitur:
531 2071 600 2134 quod
638 2075 741 2138 corripi,
752 2075 771 2123 si
788 2075 865 2138 longe
875 2073 1004 2136 excipiet
1022 2080 1052 2120 ut
1061 2086 1093 2121 eo
1102 2070 1168 2131 loco

63 2144 251 2194 'Iheoersttsnoe
262 2146 404 2209 respondet
412 2146 501 2210 ligone
510 2087 600 2196 nlroe’
639 2150 726 2199 Insuloe
745 2150 842 2198 losio
833 2165 859 2198 ιιι
879 2163 974 2211 magno.
1008 2148 1092 2212 Hujus
1113 2160 1169 2195 sen·

65 2217 102 2280 ‘pi
116 2217 169 2277 {rr
190 2219 235 2269 iarn
259 2219 341 2284 biorn
367 2220 474 2281 ἁιιίιιηο,
505 2222 600 2273 edema
639 2226 727 2275 tentiae
755 2226 887 2290 Sosipater
913 2226 993 2276 etiam
1017 2223 1181 2275 subscribit«

66 2293 170 2358 ήμφιιις
190 2297 222 2346 ln
238 2297 433 2361 Longobardico
454 2307 541 2348 temen
559 2307 600 2349 est
639 2303 743 2352 Pierius.
1182 2339 1185 2344 -

60 2374 162 2435 periret.
195 2373 308 2422 Pierius.
670 2378 754 2425 Aonie
764 2378 908 2441 Aganippe]
925 2375 957 2424 Id
974 2383 1024 2438 est,
1042 2375 1121 2425 sontis
1135 2373 1170 2423 h·

99 2454 129 2498 11
148 2449 213 2498 Nmn
224 2461 298 2510 neque
313 2448 428 2496 Parnassi
449 2449 514 2497 robis
528 2449 600 2512 jugo,
639 2452 756 2516 ganippae
768 2455 793 2501 in
808 2454 907 2501 ltoeotia
921 2453 1007 2516 positi,
1015 2451 1048 2499 de
1057 2451 1170 2501 donibus

65 2539 164 2578 namn.
177 2526 222 2589 Ρ.]
242 2525 382 2573 Parnassus
397 2538 470 2572 mons
480 2525 600 2586 Boeotiae,
639 2528 746 2575 Boeotiae
756 2529 855 2588 incolis,
863 2528 1003 2576 Pausanias
1013 2527 1030 2575 l.
1038 2540 1078 2576 ix.
1096 2526 1169 2577 Idem

59 2599 165 2653 Pindus
183 2601 331 2662 Thessaliae,
350 2599 425 2648 ambo
438 2599 553 2663 Apollini
572 2609 600 2650 et
639 2602 664 2650 in
677 2602 768 2652 eodem
782 2604 827 2653 lib.
837 2602 990 2667 Aganippea
1002 2601 1100 2652 fontem
1112 2617 1169 2653 esse

67 2675 314 2727 blusisconsecrsti.
334 2677 437 2725 Seruius.
640 2676 666 2724 in
689 2678 816 2727 Helicone
839 2679 930 2727 docet:
956 2679 996 2726 Ἐν
1017 2679 1122 2726 Ἑλικῶνι
1144 2676 1170 2726 ei

99 2752 216 2815 Parnasi]
227 2754 350 2805 Quemvis
358 2751 493 2816 walprunnen
503 2753 602 2816 duplici
638 2752 696 2817 πρὸς
705 2754 735 2801 rb
746 2754 820 2803 siros
830 2752 887 2802 lim
897 2756 944 2802 τῶν
953 2757 1060 2814 Μουσῶν,
1072 2755 1096 2802 ἐν
1106 2754 1171 2817 ipin-

62 2843 100 2877 σσ
111 2829 180 2892 apud
192 2829 444 2893 Grecosseribatur,
453 2830 558 2893 antiqua
567 2838 603 2878 ta-
638 2833 696 2894 τιμᾷ
706 2823 927 2892 plri’spurlnn
945 2829 1019 2893 πῃή·
1053 2828 1170 2894 θυγατέρα

65 2919 126 2954 men
136 2904 220 2953 omnia
231 2906 389 2968 exemplaria
400 2907 502 2955 Pnrnusi
512 2907 603 2968 legunt
639 2906 665 2955 oi
680 2905 739 2955 ¹elren
758 2907 803 2965 τὴν
812 2905 959 2968 Ἀγανίππην
973 2909 1017 2956 τοῦ
1033 2907 1172 2970 neptem

63 2981 144 3029 unico
162 2994 183 3041 r,
201 2980 271 3044 qnod
288 2995 363 3029 nemo
382 2982 603 3044 mirabitur,sile·
639 2982 744 3045 ilpunc«.
778 2986 921 3033 Emmeneas.

63 3057 138 3120 gitur
149 3057 218 3120 apnd
226 3057 284 3105 Vel.
293 3058 425 3119 Longum:
443 3059 551 3108 Veteres
560 3072 603 3108 ne·
674 3064 704 3110 lt
723 3061 794 3109 liiarn
810 3061 883 3108 enum
903 3060 973 3122 inuri,
995 3059 1066 3108 etiarn
1079 3059 1171 3122 flevere

67 3131 164 3196 quein
183 3131 234 3179 his:
256 3132 344 3194 feisse,
366 3134 445 3193 inisse,
470 3134 555 3196 abesse,
575 3141 602 3185 et
639 3133 748 3199 myrica]
774 3136 994 3184 Iuliomcodice
1009 3134 1119 3197 legitur:
1138 3133 1172 3182 li-

63 3207 191 3257 simiiibus
201 3221 225 3255 ss
234 3208 386 3271 gensinasse,
399 3209 465 3259 aden
475 3212 603 3274 putabant
640 3213 688 3260 iuni
698 3213 770 3261 dium
784 3212 854 3274 lueri,
865 3210 1032 3274 iitumfleoere.
1064 3208 1096 3258 ln
1108 3210 1173 3259 Lon·

68 3296 125 3332 eun
136 3281 248 3343 literam,
266 3285 308 3333 vel
319 3286 420 3335 unicam
437 3288 499 3336 setis
516 3303 563 3353 per
575 3303 602 3338 se
641 3289 781 3354 gobardlco
800 3304 851 3338 ana
862 3289 918 3352 plns
932 3287 1046 3337 dictione
1056 3285 1173 3349 pleniore

69 3371 170 3407 sonare.
195 3357 299 3407 Pierius.
575 3373 576 3376 ’
640 3381 717 3414 versu
739 3376 794 3416 est:
823 3367 897 3415 lllurn
918 3365 991 3414 etium
1015 3363 1085 3425 huri,
1106 3362 1173 3410 illurn

101 3432 218 3495 Por-nuri]
235 3433 288 3482 Per
297 3433 394 3497 duplex
402 3451 426 3484 es
434 3441 532 3488 mavult
542 3442 603 3489 scri·
640 3442 807 3503 etiannfleoere
816 3442 921 3504 myrice,
939 3441 1017 3503 idque
1028 3445 1069 3486 ter
1079 3437 1174 3500 repeti·

66 3508 97 3558 bi
114 3509 280 3572 Duosquins;
298 3524 373 3572 quem
387 3511 439 3571 adi,
460 3513 602 3575 sipenitius
642 3523 697 3562 tum
707 3531 759 3563 curn
774 3514 865 3576 pinifer
883 3516 949 3561 illuns
966 3514 1038 3561 etium
1049 3513 1173 3574 majorem

70 3586 137 3634 hano
149 3584 351 3647 disputationem
363 3588 498 3650 percipere
514 3589 549 3638 sit
566 3590 603 3637 ln·
640 3589 737 3637 habere
754 3589 873 3638 movendi
897 3588 1082 3637 vehementiam
1102 3586 1173 3637 vide·

67 3662 164 3712 bitum.
191 3663 215 3710 Α
228 3664 354 3713 Parnasso
366 3665 500 3715 conditore
515 3668 603 3731 appel·
642 3668 698 3711 tur:
727 3663 842 3726 quamvis
863 3677 913 3710 uon
935 3657 1174 3725 displicentium

66 3740 147 3801 latur,
155 3747 186 3787 ut
197 3740 335 3788 Pausanias
347 3741 364 3788 l.
375 3754 402 3790 x.
428 3741 551 3790 Phocidis
563 3749 604 3792 est
641 3740 713 3788 etiem
724 3738 1063 3802 louri,etinnrjieeere,qnod
1076 3738 1175 3787 eaexl·

69 3829 152 3878 ulons,
172 3816 330 3877 Pomponius
348 3816 419 3865 Mela
439 3830 469 3865 ιι.
492 3821 515 3865 8.
551 3817 603 3866 Ubi
641 3815 701 3863 litas
712 3817 818 3878 propria
835 3815 877 3874 sit,
895 3821 923 3864 et
942 3813 1060 3863 Bucolici
1072 3815 1174 3863 charac-

66 3892 148 3948 etiam
173 3891 206 3939 de
236 3891 330 3952 Pindo,
346 3891 404 3952 ⁴qui
426 3892 531 3941 Doridis
553 3900 603 3943 est.
643 3891 714 3952 teris,
724 3900 751 3940 et
763 3905 879 3954 personoe
890 3890 1174 3956 miserabiliteraliqnid

72 3967 139 4016 llaec
161 3966 227 4030 juge
261 3975 411 4016 consecrata
439 3967 554 4032 Apollini
576 3975 605 4018 et
643 3968 809 4031 deplorantis.
843 3969 946 4017 Pierius.

69 4042 154 4093 Musis
182 4058 248 4106 esse,
267 4056 341 4090 nemo
361 4051 410 4104 est,
432 4046 475 4108 qui
494 4045 604 4107 ignorat.
677 4049 707 4092 ta
723 4043 831 4108 Pinifer]
847 4044 925 4095 Quod
944 4041 1055 4091 adstruit
1077 4041 1175 4091 Noster

67 4117 217 4178 ‚unnim
643 4120 700 4169 Ecl.
711 4133 773 4168 ιἰιι.
785 4123 826 4169 22.

106 4197 138 4242 12
149 4193 368 4258 Aoniadganippe]
381 4193 605 4244 Nominatirisnnt
676 4196 1175 4261 Mendm,srgniunrqusnem‚pinorqne
1279 4195 1283 4204 '

68 4267 223 4341 pinguium.
255 4269 392 4335 Aganippe
400 4278 486 4321 sutem
495 4268 605 4320 lonsest
736 4272 852 4336 loquentis
1084 4308 1087 4313 .
1141 4269 1143 4272 ’
1236 4288 1242 4296 ·
