2730 4686
188 364 279 433 ‘rats
678 368 809 431 ounsx

190 541 307 608 Prado
326 539 494 607 charontis
508 556 607 630 agon·
627 539 716 606 oidco
729 538 952 628 utflagrantio
968 539 1053 606 tadis

195 642 330 710 Lamina
344 643 516 710 *collucent
527 642 649 730 infestis
662 643 767 708 omnio
783 642 903 710 radis*

188 739 338 815 *Obvia*
356 745 530 831 Tisiphone,
545 744 732 831 serpentibus
747 744 883 831 undique
897 745 1011 823 cincta,

191 847 391 933 Etstammas
402 859 432 915 et
445 871 525 914 saca
540 848 643 934 quatit
654 846 733 912 mibi
745 847 873 913 cerbero
888 844 1000 912 Pana.

192 947 343 1015 Cerberus
356 959 386 1014 et
397 947 475 1013 diris
477 949 604 1036 flagrat
620 947 789 1014 latratibus
802 970 869 1028 ora,

189 1051 359 1139 Anguibus
373 1049 444 1115 binc
455 1062 548 1138 otqne
561 1050 633 1115 binc
646 1049 773 1116 borrent
788 1051 838 1116 cui
852 1050 932 1116 coila
946 1050 1072 1136 reperis,

190 1149 461 1240 Sanguinenmqae
475 1153 590 1217 micant
604 1152 746 1217 ardorem
763 1151 886 1218 luminis
902 1152 999 1217 orbes.

189 1248 316 1339 Ecquid
330 1254 369 1318 ab
385 1252 483 1338 officio
498 1252 633 1341 digressa
644 1265 686 1319 est
698 1255 819 1341 gratia,
830 1276 899 1319 cum
914 1266 944 1320 te

190 1351 329 1420 Restitui
342 1356 459 1441 superis
474 1354 528 1420 leti
531 1357 605 1443 jam
620 1355 728 1421 limine
742 1356 783 1422 ab
798 1357 885 1442 ipso!

189 1454 330 1522 Praemia
344 1457 401 1523 ubi
409 1457 566 1545 pietatis?
586 1458 642 1523 ubi
652 1459 780 1544 pietatis
795 1456 946 1524 bonores?

190 1556 234 1624 In
248 1581 346 1625 oanas
361 1560 465 1626 abiere
475 1560 575 1637 oiccs,·
597 1569 625 1625 ct
642 1583 715 1626 rure
730 1559 850 1627 recessit

176 1658 337 1742 ‘Justitim
352 1674 380 1727 et
391 1663 483 1748 prior
495 1661 552 1727 illa
565 1662 665 1728 Fides.
710 1662 866 1729 Instantia
878 1663 946 1728 cidi

191 1761 342 1844 Alterius,
357 1765 422 1829 sine
432 1775 567 1852 respectu
581 1762 737 1851 measata
749 1762 943 1851 relinquens:

88 1901 91 1911 >
189 1865 246 1932 Ad
252 1867 372 1952 pariles
386 1890 463 1954 agor
479 1859 621 1947 eventum·
631 1867 678 1952 fit
688 1875 782 1953 pana
798 1867 927 1932 merenti
933 1892 945 1944 ‚·

72 2048 79 2055 κ
191 1967 293 2033 Pana
296 1969 343 2053 fit
358 1970 508 2043 esitium,-
528 1970 618 2037 modo
632 1971 672 2035 sit
682 1971 756 2037 dum
768 1981 866 2059 grata
878 1969 1031 2050 voluntas,

190 2069 315 2137 Baistat
327 2094 389 2156 par
400 2071 542 2156 officiam.
589 2071 687 2137 Feror
701 2073 776 2138 avia
789 2093 926 2158 carpeia,

189 2173 276 2240 Avia
290 2172 471 2238 Cimmerios
486 2175 566 2239 inter
581 2173 733 2240 distantia
748 2172 852 2238 lucos:

191 2273 269 2344 Qua
283 2275 376 2353 circo,
391 2275 493 2340 tristes
506 2274 667 2341 densentur
680 2277 716 2340 in
731 2273 834 2339 omnia
845 2295 953 2360 panae.

189 2375 275 2443 Nom
290 2379 410 2443 vinctus
423 2377 505 2442 sedet
518 2377 661 2443 immonis
675 2376 861 2465 serpentibus
878 2376 966 2458 Otos,

189 2475 383 2545 Deoinctom
397 2489 518 2544 mastus
529 2477 640 2565 procul
652 2479 802 2565 aspiciens
815 2476 1009 2564 Ephialten,-

191 2577 306 2645 Conati
319 2604 386 2646 cum
402 2582 462 2645 sint
475 2579 631 2668 quondam
647 2580 815 2648 rescindere
830 2581 978 2647 mundum
985 2609 998 2662 ‚-

190 2679 237 2747 Et
255 2681 368 2771 Tityos,
385 2682 525 2763 Latono,
540 2693 599 2748 tua
614 2705 730 2747 memor
744 2683 855 2748 ansius
870 2682 936 2765 ira,

187 2779 424 2870 (implacabilis
439 2784 488 2848 ira
504 2783 595 2849 nimis
604 2784 617 2846 i
617 2792 633 2864 )
637 2788 728 2870 jacet
743 2783 832 2848 alitis
845 2805 922 2849 esra.

190 2883 320 2952 Terreor
335 2887 387 2966 ab,
403 2887 500 2952 tantis
514 2886 653 2951 insistere
669 2896 784 2952 terreor
796 2886 914 2951 umbris

188 2987 245 3051 Ad
257 2984 384 3074 Stygias
399 2999 557 3052 revocatus
572 3008 690 3072 aquas:
714 2986 768 3052 oia
781 2986 908 3052 ultimus
923 2989 1011 3053 amni

189 3085 301 3163 Extat,
316 3098 471 3153 nectareas
488 3088 608 3154 Divum
623 3090 677 3177 qui
686 3089 829 3176 prodidit
842 3112 933 3170 escas,

190 3187 328 3277 Gutture
343 3189 383 3253 ab
398 3191 500 3255 arenti
512 3191 655 3255 revolutis
665 3191 813 3275 fluminis
826 3192 928 3257 undis.

190 3289 288 3369 Quid,
299 3311 405 3354 sarum
417 3291 528 3376 procui
542 3290 668 3357 adverso
684 3294 740 3380 qui
753 3305 855 3359 monte
869 3294 1008 3377 revolvit,

188 3389 328 3458 Numina
345 3394 532 3460 contemsisse
545 3393 632 3458 doior
647 3417 736 3480 quem
749 3395 844 3461 vincit
861 3397 999 3480 acerbus,

191 3492 267 3561 Otia
283 3496 600 3583 qrsarmtemfrustra
615 3497 697 3562 sibi!
717 3498 829 3585 quidve
837 3500 970 3585 puellas,

186 3595 274 3664 Dira
290 3598 401 3684 quibus
415 3598 509 3664 tadas
525 3601 820 3688 accenditvpronuba
836 3601 987 3689 Erinnys,

187 3697 295 3777 (Sicut
312 3700 437 3788 Hymen
448 3723 590 3790 presaga
605 3701 688 3769 dedit
701 3701 854 3770 connubia
866 3705 975 3770 mortis
983 3714 1015 3786 ς)

685 3852 792 3908 NOTAE

225 3950 355 4004 Abveno
368 3955 489 4008 indenlb
501 3957 719 4009 variorumhomi·
758 3960 804 4011 tice
823 3961 985 4026 interposite
1005 3967 1072 4024 sant,
1091 3978 1148 4028 quae
1167 3961 1290 4027 ascripta

184 4041 245 4077 num
266 4030 415 4094 ingeminet
438 4042 546 4084 conatus
568 4041 719 4086 ornaments
757 4034 906 4088 fuerantnd
922 4055 946 4088 v.
963 4043 1102 4090 noo-21⁴.
1136 4038 1237 4089 lnt'escs
1249 4053 1290 4088 res

185 4117 252 4160 nova
263 4105 391 4157 moerendi
402 4115 430 4157 et
444 4110 548 4160 lucinius
559 4111 621 4161 alins
634 4123 717 4176 ‘snper
757 4114 890 4178 persecuti
911 4119 972 4163 sunt
993 4115 1079 4179 plores
1101 4114 1193 4180 quibas
1211 4114 1291 4180 possi·

184 4178 241 4230 altis
252 4182 372 4232 assuendi
388 4197 547 4248 cognoscere
565 4187 593 4240 ln
612 4194 717 4253 promta
755 4186 994 4239 mus-ressifimtor
1009 4188 1062 4240 alta
1077 4189 1242 4256 mostomii,
1260 4195 1289 4241 ut

186 4259 235 4310 cst.
268 4255 311 4308 lta
324 4270 341 4306 ι
354 4271 380 4309 v.
392 4260 440 4310 m
452 4260 717 4316 atinolocosentsu·
756 4267 1058 4318 v.8tl.m.2⁸8.8⁸⁰.
