2730 4686
385 393 664 442 rnounsrnrrnn
687 373 935 449 rusrrrurus.

114 537 260 614 Meus
275 549 302 603 et
317 536 411 602 oersr'r
425 547 586 623 torquetur
600 557 709 623 eorpus
723 535 756 600 r‘u
773 539 880 611 orber‚·
929 562 930 565 ¹

113 639 253 706 Mouout
266 640 440 727 souguiueee
453 662 510 724 per
524 649 643 704 tructus
657 639 792 726 undique
804 651 923 726 gutte3

115 741 252 827 Spiritus
267 756 295 807 et
311 740 566 828 rumpitfouces:
590 765 653 829 quo
665 755 775 807 cuncto
786 755 932 828 perunte,
1148 747 1218 815 18⁰

112 846 276 911 Paruulus
291 846 435 911 humoris
447 853 617 929 pastorem
629 853 772 913 exterret
785 849 948 926 alnrrmus,

114 946 157 1013 Et
169 954 305 1011 mortem
318 950 423 1012 vitare
437 955 558 1024 mouet,
575 968 636 1031 per
649 951 797 1032 spicula;
821 948 985 1033 *namquo

113 1046 190 1126 Qua
204 1048 341 1112 diducta
354 1069 457 1130 genas
471 1048 662 1132 pandebant
674 1050 802 1116 lumina
815 1052 964 1133 gemmis,

115 1146 189 1211 Hoc
203 1149 329 1214 senioris
344 1160 412 1214 erot
428 1161 548 1214 nature
559 1149 680 1234 pupulo
694 1147 756 1215 telo

113 1252 187 1316 Icta
201 1254 278 1317 levi.
324 1253 382 1317 Sic
397 1254 552 1337 prosiluit
564 1253 770 1332 furibundus,
784 1258 819 1317 et
832 1254 927 1318 illum

113 1352 278 1418 Obtritum
291 1356 389 1418 morti
403 1355 511 1433 misit3
534 1355 589 1418 cni
603 1353 741 1418 diesibus
753 1355 861 1419 omnis

112 1454 254 1536 Spiritus
269 1456 416 1519 excessit
427 1456 594 1519 membris.
637 1453 725 1519 Tum
735 1461 832 1520 torva
844 1461 1006 1522 tenentem

111 1555 252 1620 Lumina
267 1557 443 1638 prospexit
460 1563 647 1639 serpentem
660 1557 830 1637 cominus3
853 1558 931 1625 inde

112 1656 268 1740 Impiger,
282 1659 457 1737 exanimis,
473 1659 535 1723 vix
548 1678 687 1744 compos
700 1665 820 1737 mente,
834 1659 966 1744 refugit,

112 1757 154 1820 Et
167 1757 315 1822 validum
329 1759 446 1822 dextra
460 1764 610 1825 bnncum
623 1761 768 1826 detraxit
781 1762 825 1825 ab
840 1781 942 1844 omo;

115 1856 178 1926 Qui
193 1882 279 1922 rosus
293 1861 418 1924 sociarit
434 1882 519 1943 opem
535 1883 685 1926 rrumeuoe
703 1860 866 1928 Deorum:

113 1956 279 2045 *Namque
293 1959 345 2024 illi
358 1961 514 2027 dederitue
527 1963 611 2027 oium
626 1985 748 2028 casusve
764 1961 908 2028 Deusue*

113 2057 252 2125 Prodere
266 2064 306 2126 sit
321 2061 468 2126 dubium:
493 2063 590 2129 ooluit
605 2063 659 2128 red
672 2065 792 2128 circuere
807 2065 912 2128 telem.

112 2163 257 2228 Hom'da
271 2168 441 2250 squamosi
455 2169 620 2233 volventis
633 2168 781 2233 membra
793 2168 960 2249 draconis,

111 2263 220 2349 Atque
233 2268 436 2344 reluctantis,
450 2269 576 2332 crebris
589 2269 745 2352 ioedequc
760 2272 905 2354 patentis

111 2365 246 2445 Ictibus,
258 2389 339 2434 ossa
352 2371 435 2446 ferit,
444 2390 520 2453 ,qua
534 2373 667 2454 cingunt
679 2377 832 2454 tempora
845 2373 969 2439 cristoe.

112 2463 155 2528 Et
169 2468 252 2552 quod
266 2480 332 2532 erut
347 2469 466 2548 turdus,
477 2469 575 2534 somni
590 2471 739 2556 languore
754 2481 894 2546 remoto,-

110 2566 258 2634 *Nescr'us
273 2571 442 2656 aspicieusr
464 2573 558 2635 timor
574 2584 774 2637 ocrueouerot
790 2572 897 2637 ortus*

112 2666 180 2734 Hoc
196 2675 296 2735 miuus
310 2673 463 2759 implicuit
479 2672 552 2736 diro
563 2672 740 2760 formidine
754 2683 901 2749 mentem

112 2769 198 2851 Tum,
211 2787 374 2861 postquam
389 2777 467 2840 uidit
483 2797 590 2840 cusum
605 2772 815 2861 languescere,
825 2775 914 2841 sedit.

150 2875 293 2960 Jamque
307 2887 380 2944 atro
393 2882 521 2966 bijuges
536 2881 646 2944 oriens
660 2878 769 2944 Erebo
783 2880 830 2945 cit
843 2898 949 2963 equos
964 2877 1059 2957 Nox,

109 2976 151 3040 Et
164 2981 258 3064 piger
272 2987 388 3045 aurato
402 2981 557 3066 procedit
570 2981 704 3063 Vesper
718 2982 761 3045 ab
777 2981 882 3047 OEta:

108 3079 205 3158 Cum,
220 3103 315 3164 grege
330 3085 517 3167 compulso,
533 3090 659 3168 pastor,
675 3083 924 3167 duplicantibus
938 3081 1075 3161 umbrie,
1198 3103 1203 3108 ·

109 3180 225 3259 Vadit,
241 3185 322 3248 etin
336 3186 482 3268 requiem
496 3186 604 3250 fessos
619 3184 697 3250 dare
711 3190 886 3270 comparat
899 3189 1002 3250 murs.

109 3282 212 3369 Cujus
227 3292 263 3348 ut
277 3287 411 3350 intravit
424 3288 528 3352 levior
543 3308 605 3370 per
618 3306 760 3370 corpora
774 3305 922 3365 somnus,

108 3384 346 3470 Languidaque
361 3387 471 3451 infuso
486 3390 674 3471 requierunt
688 3389 836 3451 membra
854 3406 994 3472 sopore:

108 3485 241 3569 Effigies
258 3490 300 3552 ad
318 3510 393 3552 enm
410 3489 537 3553 Culicis
551 3487 695 3565 devenit,
710 3496 743 3553 et
757 3489 807 3552 illi

106 3587 229 3655 Tristis
244 3593 288 3654 ab
302 3598 419 3656 eventu
433 3590 555 3656 cecinit
569 3589 723 3653 convicia
737 3591 865 3654 mortis.

108 3690 169 3770 En,
186 3694 278 3775 quid,
295 3697 353 3771 ait,
368 3697 515 3770 meritus,
531 3698 590 3757 aut
603 3710 672 3775 quo
686 3690 829 3769 delebis,
843 3690 982 3754 acerbas

107 3792 217 3879 Cogor
231 3796 323 3861 adire
338 3798 452 3859 vicest
476 3804 533 3860 tua
547 3794 626 3858 dum
640 3794 720 3857 mibi
736 3794 845 3857 carior
858 3793 933 3877 ipsa

107 3895 190 3961 Vita
204 3898 267 3962 fuit
280 3900 362 3974 vita,
376 3897 488 3979 rapior
501 3916 561 3979 per
574 3896 689 3960 inania
705 3894 840 3957 Averni.

106 3995 160 4061 Tu
174 3998 283 4064 lentus
298 3999 426 4064 refoves
436 3997 588 4081 jucunda
600 3998 747 4062 membra
761 3995 882 4078 quiete,

107 4097 249 4185 Ereptus
263 4103 355 4168 tetris
369 4122 389 4166 e
404 4099 578 4165 cladibus:
602 4105 638 4165 at
651 4118 728 4163 mea
743 4095 864 4161 Manes

104 4200 249 4269 Viscera
263 4202 419 4309 Ietbaeqs
434 4208 558 4288 cogunt
570 4207 738 4269 bmsnaro
752 4220 811 4287 per
824 4198 943 4267 nudas
