<?xml version="1.0" encoding="UTF-8"?>
<!DOCTYPE html PUBLIC "-//W3C//DTD XHTML 1.0 Transitional//EN"
    "http://www.w3.org/TR/xhtml1/DTD/xhtml1-transitional.dtd">
<html xmlns="http://www.w3.org/1999/xhtml" xml:lang="en" lang="en">
 <head>
  <title>
</title>
<meta http-equiv="Content-Type" content="text/html;charset=utf-8" />
  <meta name='ocr-system' content='tesseract 3.04.00' />
  <meta name='ocr-capabilities' content='ocr_page ocr_carea ocr_par ocr_line ocrx_word'/>
</head>
<body>
  <div class='ocr_page' id='page_1' title='image "./pvirgiliimaroni07virggoog/pvirgiliimaroni07virggoog_0249.png"; bbox 0 0 2730 4686; ppageno 0'>
   <div class='ocr_carea' id='block_1_1' title="bbox 665 290 751 358">
    <p class='ocr_par' dir='ltr' id='par_1_1' title="bbox 665 290 751 358">
     <span class='ocr_line' id='line_1_1' title="bbox 665 290 751 358; baseline 0.047 -4"><span class='ocrx_word' id='word_1_1' title='bbox 665 290 751 358; x_wconf 74' lang='lat'>1460</span> 
     </span>
    </p>
   </div>
   <div class='ocr_carea' id='block_1_2' title="bbox 158 452 1279 3886">
    <p class='ocr_par' dir='ltr' id='par_1_2' title="bbox 158 452 1279 3886">
     <span class='ocr_line' id='line_1_2' title="bbox 201 452 1257 544; baseline -0.005 -21"><span class='ocrx_word' id='word_1_2' title='bbox 201 455 364 544; x_wconf 80' lang='lat' dir='ltr'>Equidem</span> <span class='ocrx_word' id='word_1_3' title='bbox 377 455 580 541; x_wconf 88' lang='lat' dir='ltr'><strong>comparatis</strong></span> <span class='ocrx_word' id='word_1_4' title='bbox 595 455 753 540; x_wconf 77' lang='lat' dir='ltr'><strong>antiquis,</strong></span> <span class='ocrx_word' id='word_1_5' title='bbox 773 474 850 539; x_wconf 84' lang='lat' dir='ltr'><strong>quoe</strong></span> <span class='ocrx_word' id='word_1_6' title='bbox 864 454 909 518; x_wconf 85' lang='lat' dir='ltr'><strong>ad</strong></span> <span class='ocrx_word' id='word_1_7' title='bbox 921 469 1055 519; x_wconf 88' lang='lat' dir='ltr'><strong>manum</strong></span> <span class='ocrx_word' id='word_1_8' title='bbox 1069 460 1172 531; x_wconf 86' lang='lat' dir='ltr'><strong>erant,</strong></span> <span class='ocrx_word' id='word_1_9' title='bbox 1187 452 1257 520; x_wconf 86' lang='lat' dir='ltr'><strong>edi-</strong></span> 
     </span>
     <span class='ocr_line' id='line_1_3' title="bbox 159 556 1267 637; baseline -0.005 -11"><span class='ocrx_word' id='word_1_10' title='bbox 159 558 319 637; x_wconf 80' lang='lat' dir='ltr'><strong>tionibus,</strong></span> <span class='ocrx_word' id='word_1_11' title='bbox 346 558 552 625; x_wconf 69' lang='lat' dir='ltr'><strong>omnesfere</strong></span> <span class='ocrx_word' id='word_1_12' title='bbox 577 559 661 622; x_wconf 87' lang='lat' dir='ltr'><strong>inter</strong></span> <span class='ocrx_word' id='word_1_13' title='bbox 686 577 723 621; x_wconf 89' lang='lat' dir='ltr'><strong>se</strong></span> <span class='ocrx_word' id='word_1_14' title='bbox 743 559 777 620; x_wconf 92' lang='lat' dir='ltr'><strong>in</strong></span> <span class='ocrx_word' id='word_1_15' title='bbox 801 556 936 621; x_wconf 86' lang='lat' dir='ltr'><strong>easdem</strong></span> <span class='ocrx_word' id='word_1_16' title='bbox 959 557 1115 620; x_wconf 84' lang='lat' dir='ltr'><strong>lectiones</strong></span> <span class='ocrx_word' id='word_1_17' title='bbox 1129 564 1162 621; x_wconf 89' lang='lat' dir='ltr'><strong>et</strong></span> <span class='ocrx_word' id='word_1_18' title='bbox 1177 557 1267 622; x_wconf 87' lang='lat' dir='ltr'><strong>vitia</strong></span> 
     </span>
     <span class='ocr_line' id='line_1_4' title="bbox 159 658 1259 746; baseline -0.003 -20"><span class='ocrx_word' id='word_1_19' title='bbox 159 661 348 746; x_wconf 78' lang='lat' dir='ltr'><strong>conspirare</strong></span> <span class='ocrx_word' id='word_1_20' title='bbox 360 659 521 724; x_wconf 80' lang='lat' dir='ltr'><strong>intellexi.</strong></span> <span class='ocrx_word' id='word_1_21' title='bbox 567 658 667 740; x_wconf 86' lang='lat' dir='ltr'><strong>Quod</strong></span> <span class='ocrx_word' id='word_1_22' title='bbox 681 678 757 723; x_wconf 92' lang='lat' dir='ltr'><strong>cum</strong></span> <span class='ocrx_word' id='word_1_23' title='bbox 768 659 870 722; x_wconf 91' lang='lat' dir='ltr'><strong>semel</strong></span> <span class='ocrx_word' id='word_1_24' title='bbox 879 659 1146 722; x_wconf 86' lang='lat' dir='ltr'><strong>animadversum</strong></span> <span class='ocrx_word' id='word_1_25' title='bbox 1160 665 1259 736; x_wconf 80' lang='lat' dir='ltr'><strong>esset,</strong></span> 
     </span>
     <span class='ocr_line' id='line_1_5' title="bbox 160 758 1261 844; baseline -0.003 -18"><span class='ocrx_word' id='word_1_26' title='bbox 160 762 242 826; x_wconf 88' lang='lat' dir='ltr'><strong>satis</strong></span> <span class='ocrx_word' id='word_1_27' title='bbox 266 761 379 839; x_wconf 87' lang='lat' dir='ltr'><strong>habui,</strong></span> <span class='ocrx_word' id='word_1_28' title='bbox 409 759 574 824; x_wconf 83' lang='lat' dir='ltr'><strong>Venetam</strong></span> <span class='ocrx_word' id='word_1_29' title='bbox 601 760 688 824; x_wconf 87' lang='grc'><strong>1484</strong></span> <span class='ocrx_word' id='word_1_30' title='bbox 716 780 776 844; x_wconf 93' lang='lat' dir='ltr'><strong>per</strong></span> <span class='ocrx_word' id='word_1_31' title='bbox 798 759 961 824; x_wconf 85' lang='lat' dir='ltr'><strong>Thomam</strong></span> <span class='ocrx_word' id='word_1_32' title='bbox 990 760 1031 824; x_wconf 91' lang='lat' dir='ltr'><strong>de</strong></span> <span class='ocrx_word' id='word_1_33' title='bbox 1053 758 1261 825; x_wconf 79' lang='lat' dir='ltr'><strong>Alexandria</strong></span> 
     </span>
     <span class='ocr_line' id='line_1_6' title="bbox 158 859 1259 953; baseline -0.003 -26"><span class='ocrx_word' id='word_1_34' title='bbox 158 882 363 953; x_wconf 82' lang='lat' dir='ltr'><strong>expressam,</strong></span> <span class='ocrx_word' id='word_1_35' title='bbox 378 876 459 936; x_wconf 82' lang='lat' dir='ltr'><strong>mox</strong></span> <span class='ocrx_word' id='word_1_36' title='bbox 473 881 606 946; x_wconf 90' lang='lat' dir='ltr'><strong>quoquo</strong></span> <span class='ocrx_word' id='word_1_37' title='bbox 619 859 778 925; x_wconf 81' lang='lat' dir='ltr'><strong>Aldinam</strong></span> <span class='ocrx_word' id='word_1_38' title='bbox 792 863 934 944; x_wconf 80' lang='lat' dir='ltr'><strong>primam</strong></span> <span class='ocrx_word' id='word_1_39' title='bbox 949 863 1046 938; x_wconf 82' lang='lat'>1505,</span> <span class='ocrx_word' id='word_1_40' title='bbox 1055 881 1259 946; x_wconf 88' lang='lat' dir='ltr'><strong>comparare.</strong></span> 
     </span>
     <span class='ocr_line' id='line_1_7' title="bbox 160 960 1258 1046; baseline -0.004 -18"><span class='ocrx_word' id='word_1_41' title='bbox 160 963 299 1028; x_wconf 82' lang='lat' dir='ltr'><strong>Manum</strong></span> <span class='ocrx_word' id='word_1_42' title='bbox 314 964 563 1028; x_wconf 81' lang='lat' dir='ltr'><strong>emendatricem</strong></span> <span class='ocrx_word' id='word_1_43' title='bbox 583 983 649 1028; x_wconf 89' lang='lat' dir='ltr'><strong>non</strong></span> <span class='ocrx_word' id='word_1_44' title='bbox 663 968 803 1046; x_wconf 85' lang='lat' dir='ltr'><strong>experta</strong></span> <span class='ocrx_word' id='word_1_45' title='bbox 816 970 868 1027; x_wconf 90' lang='lat' dir='ltr'><strong>est</strong></span> <span class='ocrx_word' id='word_1_46' title='bbox 882 962 969 1027; x_wconf 86' lang='lat' dir='ltr'><strong>Ciris</strong></span> <span class='ocrx_word' id='word_1_47' title='bbox 983 964 1050 1026; x_wconf 88' lang='lat' dir='ltr'><strong>nisi</strong></span> <span class='ocrx_word' id='word_1_48' title='bbox 1065 965 1099 1026; x_wconf 93' lang='lat' dir='ltr'><strong>in</strong></span> <span class='ocrx_word' id='word_1_49' title='bbox 1113 960 1258 1026; x_wconf 85' lang='lat' dir='ltr'><strong>Aldina:</strong></span> 
     </span>
     <span class='ocr_line' id='line_1_8' title="bbox 159 1063 1259 1149; baseline -0.003 -19"><span class='ocrx_word' id='word_1_50' title='bbox 159 1064 349 1145; x_wconf 75' lang='lat' dir='ltr'><strong>diversorum</strong></span> <span class='ocrx_word' id='word_1_51' title='bbox 364 1074 498 1130; x_wconf 81' lang='lat' dir='ltr'><strong>veterum</strong></span> <span class='ocrx_word' id='word_1_52' title='bbox 520 1064 682 1148; x_wconf 80' lang='lat' dir='ltr'><strong>po’e&#39;lorum</strong></span> <span class='ocrx_word' id='word_1_53' title='bbox 708 1064 741 1127; x_wconf 82' lang='lat' dir='ltr'><strong>ia</strong></span> <span class='ocrx_word' id='word_1_54' title='bbox 758 1063 921 1149; x_wconf 79' lang='lat' dir='ltr'><strong>‚Priapum</strong></span> <span class='ocrx_word' id='word_1_55' title='bbox 945 1063 1062 1141; x_wconf 73' lang='lat' dir='ltr'><strong>latibus</strong></span> <span class='ocrx_word' id='word_1_56' title='bbox 1083 1066 1259 1140; x_wconf 81' lang='lat' dir='ltr'><strong>etc.1517,</strong></span> 
     </span>
     <span class='ocr_line' id='line_1_9' title="bbox 160 1167 1268 1253; baseline -0.002 -21"><span class='ocrx_word' id='word_1_57' title='bbox 160 1167 202 1234; x_wconf 88' lang='lat' dir='ltr'><strong>de</strong></span> <span class='ocrx_word' id='word_1_58' title='bbox 215 1189 282 1253; x_wconf 87' lang='lat' dir='ltr'><strong>qua</strong></span> <span class='ocrx_word' id='word_1_59' title='bbox 294 1169 435 1244; x_wconf 83' lang='lat' dir='ltr'><strong>editione</strong></span> <span class='ocrx_word' id='word_1_60' title='bbox 451 1170 495 1233; x_wconf 89' lang='lat' dir='ltr'><strong>ab</strong></span> <span class='ocrx_word' id='word_1_61' title='bbox 508 1167 660 1234; x_wconf 83' lang='lat' dir='ltr'><strong>Asulauo</strong></span> <span class='ocrx_word' id='word_1_62' title='bbox 674 1176 790 1235; x_wconf 86' lang='lat' dir='ltr'><strong>curata</strong></span> <span class='ocrx_word' id='word_1_63' title='bbox 811 1176 845 1234; x_wconf 90' lang='lat' dir='ltr'><strong>et</strong></span> <span class='ocrx_word' id='word_1_64' title='bbox 868 1170 955 1234; x_wconf 82' lang='grc'><strong>1534</strong></span> <span class='ocrx_word' id='word_1_65' title='bbox 974 1170 1113 1252; x_wconf 86' lang='lat' dir='ltr'><strong>repetita</strong></span> <span class='ocrx_word' id='word_1_66' title='bbox 1133 1168 1205 1251; x_wconf 88' lang='lat' dir='ltr'><strong>jam</strong></span> <span class='ocrx_word' id='word_1_67' title='bbox 1227 1169 1268 1230; x_wconf 54' lang='lat' dir='ltr'><strong>in‘</strong></span> 
     </span>
     <span class='ocr_line' id='line_1_10' title="bbox 160 1268 1271 1353; baseline -0.007 -18"><span class='ocrx_word' id='word_1_68' title='bbox 160 1272 323 1353; x_wconf 89' lang='lat' dir='ltr'><strong>prooemio</strong></span> <span class='ocrx_word' id='word_1_69' title='bbox 352 1270 396 1334; x_wconf 88' lang='lat' dir='ltr'><strong>ad</strong></span> <span class='ocrx_word' id='word_1_70' title='bbox 420 1268 569 1336; x_wconf 89' lang='lat' dir='ltr'><strong>Culicem</strong></span> <span class='ocrx_word' id='word_1_71' title='bbox 597 1271 721 1336; x_wconf 90' lang='lat' dir='ltr'><strong>dictum</strong></span> <span class='ocrx_word' id='word_1_72' title='bbox 746 1269 819 1336; x_wconf 73' lang='lat' dir='ltr'><strong>est*</strong></span> <span class='ocrx_word' id='word_1_73' title='bbox 866 1271 920 1335; x_wconf 85' lang='lat' dir='ltr'><strong>Ex</strong></span> <span class='ocrx_word' id='word_1_74' title='bbox 945 1272 1108 1334; x_wconf 90' lang='lat' dir='ltr'><strong>Bembino</strong></span> <span class='ocrx_word' id='word_1_75' title='bbox 1132 1270 1271 1346; x_wconf 75' lang='lat' dir='ltr'><strong>codice,¹</strong></span> 
     </span>
     <span class='ocr_line' id='line_1_11' title="bbox 160 1371 1268 1457; baseline 0 -20"><span class='ocrx_word' id='word_1_76' title='bbox 160 1371 256 1454; x_wconf 87' lang='lat' dir='ltr'><strong>cujus</strong></span> <span class='ocrx_word' id='word_1_77' title='bbox 271 1391 336 1457; x_wconf 90' lang='lat' dir='ltr'><strong>ope</strong></span> <span class='ocrx_word' id='word_1_78' title='bbox 351 1371 461 1436; x_wconf 84' lang='lat' dir='ltr'><strong>Culex</strong></span> <span class='ocrx_word' id='word_1_79' title='bbox 476 1379 543 1436; x_wconf 89' lang='lat' dir='ltr'><strong>tam</strong></span> <span class='ocrx_word' id='word_1_80' title='bbox 566 1373 736 1456; x_wconf 82' lang='lat' dir='ltr'><strong>praeclare</strong></span> <span class='ocrx_word' id='word_1_81' title='bbox 746 1373 816 1439; x_wconf 70' lang='lat' dir='ltr'><strong>,fuit</strong></span> <span class='ocrx_word' id='word_1_82' title='bbox 839 1371 1043 1451; x_wconf 89' lang='lat' dir='ltr'><strong>emendatus,</strong></span> <span class='ocrx_word' id='word_1_83' title='bbox 1070 1372 1166 1436; x_wconf 51' lang='lat' dir='ltr'><strong>Ciris¹</strong></span> <span class='ocrx_word' id='word_1_84' title='bbox 1178 1373 1268 1437; x_wconf 51' lang='lat' dir='ltr'><strong>nihil¹</strong></span> 
     </span>
     <span class='ocr_line' id='line_1_12' title="bbox 161 1473 1262 1558; baseline 0 -20"><span class='ocrx_word' id='word_1_85' title='bbox 161 1474 281 1538; x_wconf 82' lang='lat' dir='ltr'><strong>auxilii</strong></span> <span class='ocrx_word' id='word_1_86' title='bbox 310 1475 468 1557; x_wconf 87' lang='lat' dir='ltr'><strong>consequi</strong></span> <span class='ocrx_word' id='word_1_87' title='bbox 496 1476 622 1558; x_wconf 81' lang='lat' dir='ltr'><strong>potuit3</strong></span> <span class='ocrx_word' id='word_1_88' title='bbox 647 1473 915 1557; x_wconf 88' lang='lat' dir='ltr'><strong>quandoquidem</strong></span> <span class='ocrx_word' id='word_1_89' title='bbox 941 1473 977 1537; x_wconf 90' lang='lat' dir='ltr'><strong>in</strong></span> <span class='ocrx_word' id='word_1_90' title='bbox 1000 1494 1040 1538; x_wconf 93' lang='lat' dir='ltr'><strong>eo</strong></span> <span class='ocrx_word' id='word_1_91' title='bbox 1065 1474 1181 1538; x_wconf 89' lang='lat' dir='ltr'><strong>codiee</strong></span> <span class='ocrx_word' id='word_1_92' title='bbox 1205 1475 1262 1538; x_wconf 90' lang='lat' dir='ltr'><strong>illa</strong></span> 
     </span>
     <span class='ocr_line' id='line_1_13' title="bbox 159 1574 1263 1660; baseline 0.002 -19"><span class='ocrx_word' id='word_1_93' title='bbox 159 1583 377 1641; x_wconf 84' lang='lat' dir='ltr'><strong>exaratanou</strong></span> <span class='ocrx_word' id='word_1_94' title='bbox 390 1582 470 1641; x_wconf 89' lang='lat' dir='ltr'><strong>erat.</strong></span> <span class='ocrx_word' id='word_1_95' title='bbox 513 1575 611 1651; x_wconf 86' lang='lat' dir='ltr'><strong>Alios</strong></span> <span class='ocrx_word' id='word_1_96' title='bbox 626 1579 724 1660; x_wconf 83' lang='lat' dir='ltr'><strong>igitur</strong></span> <span class='ocrx_word' id='word_1_97' title='bbox 738 1577 873 1642; x_wconf 90' lang='lat' dir='ltr'><strong>codices</strong></span> <span class='ocrx_word' id='word_1_98' title='bbox 893 1575 1044 1640; x_wconf 88' lang='lat' dir='ltr'><strong>Asulano</strong></span> <span class='ocrx_word' id='word_1_99' title='bbox 1067 1576 1103 1639; x_wconf 90' lang='lat' dir='ltr'><strong>in</strong></span> <span class='ocrx_word' id='word_1_100' title='bbox 1127 1574 1195 1640; x_wconf 88' lang='lat' dir='ltr'><strong>Ciri</strong></span> <span class='ocrx_word' id='word_1_101' title='bbox 1218 1578 1263 1643; x_wconf 90' lang='lat' dir='ltr'><strong>ad</strong></span> 
     </span>
     <span class='ocr_line' id='line_1_14' title="bbox 160 1678 1260 1762; baseline 0.001 -20"><span class='ocrx_word' id='word_1_102' title='bbox 160 1696 293 1744; x_wconf 90' lang='lat' dir='ltr'><strong>manum</strong></span> <span class='ocrx_word' id='word_1_103' title='bbox 308 1679 410 1744; x_wconf 81' lang='lat' dir='ltr'><strong>fuisse</strong></span> <span class='ocrx_word' id='word_1_104' title='bbox 435 1699 574 1745; x_wconf 87' lang='lat' dir='ltr'><strong>necesse</strong></span> <span class='ocrx_word' id='word_1_105' title='bbox 596 1684 659 1756; x_wconf 88' lang='lat' dir='ltr'><strong>est,</strong></span> <span class='ocrx_word' id='word_1_106' title='bbox 685 1680 727 1744; x_wconf 90' lang='lat' dir='ltr'><strong>de</strong></span> <span class='ocrx_word' id='word_1_107' title='bbox 752 1680 871 1762; x_wconf 91' lang='lat' dir='ltr'><strong>quibus</strong></span> <span class='ocrx_word' id='word_1_108' title='bbox 895 1678 1089 1743; x_wconf 88' lang='lat' dir='ltr'><strong>nuncnihil</strong></span> <span class='ocrx_word' id='word_1_109' title='bbox 1114 1683 1260 1759; x_wconf 84' lang='lat' dir='ltr'><strong>constat;</strong></span> 
     </span>
     <span class='ocr_line' id='line_1_15' title="bbox 160 1771 1264 1864; baseline 0 -20"><span class='ocrx_word' id='word_1_110' title='bbox 160 1777 333 1864; x_wconf 83' lang='lat' dir='ltr'><strong>profitetur</strong></span> <span class='ocrx_word' id='word_1_111' title='bbox 348 1800 481 1863; x_wconf 92' lang='lat' dir='ltr'><strong>quoque</strong></span> <span class='ocrx_word' id='word_1_112' title='bbox 495 1782 546 1845; x_wconf 85' lang='lat' dir='ltr'><strong>vir</strong></span> <span class='ocrx_word' id='word_1_113' title='bbox 561 1781 679 1845; x_wconf 91' lang='lat' dir='ltr'><strong>doctus</strong></span> <span class='ocrx_word' id='word_1_114' title='bbox 694 1781 728 1843; x_wconf 93' lang='lat' dir='ltr'><strong>in</strong></span> <span class='ocrx_word' id='word_1_115' title='bbox 741 1779 948 1863; x_wconf 73' lang='lat' dir='ltr'><strong>praefatione,</strong></span> <span class='ocrx_word' id='word_1_116' title='bbox 970 1799 1006 1842; x_wconf 91' lang='lat' dir='ltr'><strong>se</strong></span> <span class='ocrx_word' id='word_1_117' title='bbox 1026 1780 1100 1844; x_wconf 83' lang='lat' dir='ltr'><strong>haec</strong></span> <span class='ocrx_word' id='word_1_118' title='bbox 1114 1771 1264 1845; x_wconf 86' lang='lat' dir='ltr'><strong>carmina</strong></span> 
     </span>
     <span class='ocr_line' id='line_1_16' title="bbox 161 1876 1263 1968; baseline 0.002 -24"><span class='ocrx_word' id='word_1_119' title='bbox 161 1876 284 1944; x_wconf 82' lang='lat' dir='ltr'><strong>collutis</strong></span> <span class='ocrx_word' id='word_1_120' title='bbox 294 1880 440 1965; x_wconf 82' lang='lat' dir='ltr'><strong>pluribus</strong></span> <span class='ocrx_word' id='word_1_121' title='bbox 454 1879 678 1968; x_wconf 77' lang='lat' dir='ltr'><strong>exemplaribus</strong></span> <span class='ocrx_word' id='word_1_122' title='bbox 693 1880 897 1946; x_wconf 82' lang='lat' dir='ltr'><strong>emendasse.</strong></span> <span class='ocrx_word' id='word_1_123' title='bbox 941 1880 1097 1945; x_wconf 82' lang='lat' dir='ltr'><strong>Aldinam</strong></span> <span class='ocrx_word' id='word_1_124' title='bbox 1118 1884 1263 1946; x_wconf 89' lang='lat' dir='ltr'><strong>recensi-</strong></span> 
     </span>
     <span class='ocr_line' id='line_1_17' title="bbox 162 1982 1263 2070; baseline -0.003 -20"><span class='ocrx_word' id='word_1_125' title='bbox 162 2002 269 2050; x_wconf 73' lang='lat' dir='ltr'><strong>onem‘</strong></span> <span class='ocrx_word' id='word_1_126' title='bbox 282 1987 450 2070; x_wconf 87' lang='lat' dir='ltr'><strong>expressit</strong></span> <span class='ocrx_word' id='word_1_127' title='bbox 470 1987 505 2050; x_wconf 93' lang='lat' dir='ltr'><strong>in</strong></span> <span class='ocrx_word' id='word_1_128' title='bbox 519 1985 687 2070; x_wconf 90' lang='lat' dir='ltr'><strong>plerisque</strong></span> <span class='ocrx_word' id='word_1_129' title='bbox 710 1984 810 2049; x_wconf 90' lang='lat' dir='ltr'><strong>editio</strong></span> <span class='ocrx_word' id='word_1_130' title='bbox 830 1983 961 2048; x_wconf 86' lang='lat' dir='ltr'><strong>Veneta</strong></span> <span class='ocrx_word' id='word_1_131' title='bbox 983 1984 1074 2069; x_wconf 88' lang='lat' dir='ltr'><strong>apud</strong></span> <span class='ocrx_word' id='word_1_132' title='bbox 1089 1982 1263 2068; x_wconf 84' lang='lat' dir='ltr'><strong>Aloysium</strong></span> 
     </span>
     <span class='ocr_line' id='line_1_18' title="bbox 161 2084 1263 2170; baseline 0.003 -22"><span class='ocrx_word' id='word_1_133' title='bbox 161 2084 203 2149; x_wconf 91' lang='lat' dir='ltr'><strong>de</strong></span> <span class='ocrx_word' id='word_1_134' title='bbox 217 2085 330 2150; x_wconf 88' lang='lat' dir='ltr'><strong>Tortis</strong></span> <span class='ocrx_word' id='word_1_135' title='bbox 344 2086 442 2164; x_wconf 78' lang='grc'><strong>1541,</strong></span> <span class='ocrx_word' id='word_1_136' title='bbox 457 2087 517 2150; x_wconf 91' lang='lat' dir='ltr'><strong>sed</strong></span> <span class='ocrx_word' id='word_1_137' title='bbox 532 2088 698 2170; x_wconf 87' lang='lat' dir='ltr'><strong>pleraeque</strong></span> <span class='ocrx_word' id='word_1_138' title='bbox 722 2088 811 2163; x_wconf 82' lang='lat' dir='ltr'><strong>aliae,</strong></span> <span class='ocrx_word' id='word_1_139' title='bbox 834 2087 922 2168; x_wconf 92' lang='lat' dir='ltr'><strong>quod</strong></span> <span class='ocrx_word' id='word_1_140' title='bbox 942 2087 1081 2163; x_wconf 88' lang='lat' dir='ltr'><strong>mireris,</strong></span> <span class='ocrx_word' id='word_1_141' title='bbox 1104 2085 1263 2151; x_wconf 88' lang='lat' dir='ltr'><strong>Aldinam</strong></span> 
     </span>
     <span class='ocr_line' id='line_1_19' title="bbox 161 2185 1264 2271; baseline 0.002 -20"><span class='ocrx_word' id='word_1_142' title='bbox 161 2186 334 2251; x_wconf 83' lang='lat' dir='ltr'><strong>deseruere</strong></span> <span class='ocrx_word' id='word_1_143' title='bbox 348 2194 381 2253; x_wconf 90' lang='lat' dir='ltr'><strong>et</strong></span> <span class='ocrx_word' id='word_1_144' title='bbox 393 2194 536 2253; x_wconf 84' lang='lat' dir='ltr'><strong>veterem</strong></span> <span class='ocrx_word' id='word_1_145' title='bbox 560 2190 733 2253; x_wconf 90' lang='lat' dir='ltr'><strong>lectionem</strong></span> <span class='ocrx_word' id='word_1_146' title='bbox 750 2189 943 2271; x_wconf 84' lang='lat' dir='ltr'><strong>repetivere.</strong></span> <span class='ocrx_word' id='word_1_147' title='bbox 988 2185 1171 2252; x_wconf 87' lang='lat' dir='ltr'><strong>Occurrunt</strong></span> <span class='ocrx_word' id='word_1_148' title='bbox 1183 2207 1264 2255; x_wconf 85' lang='lat' dir='ltr'><strong>mox</strong></span> 
     </span>
     <span class='ocr_line' id='line_1_20' title="bbox 161 2287 1264 2385; baseline 0.001 -31"><span class='ocrx_word' id='word_1_149' title='bbox 161 2287 336 2385; x_wconf 50' lang='lat' dir='ltr'><strong>editiones!</strong></span> <span class='ocrx_word' id='word_1_150' title='bbox 351 2292 400 2355; x_wconf 91' lang='lat' dir='ltr'><strong>uti</strong></span> <span class='ocrx_word' id='word_1_151' title='bbox 414 2290 609 2374; x_wconf 83' lang='lat' dir='ltr'><strong>Vemapud</strong></span> <span class='ocrx_word' id='word_1_152' title='bbox 625 2291 765 2356; x_wconf 90' lang='lat' dir='ltr'><strong>Hieron.</strong></span> <span class='ocrx_word' id='word_1_153' title='bbox 777 2291 913 2355; x_wconf 88' lang='lat' dir='ltr'><strong>Scotum</strong></span> <span class='ocrx_word' id='word_1_154' title='bbox 928 2293 1025 2368; x_wconf 79' lang='lat'>1544,</span> <span class='ocrx_word' id='word_1_155' title='bbox 1040 2289 1132 2375; x_wconf 82' lang='lat' dir='ltr'><strong>apud</strong></span> <span class='ocrx_word' id='word_1_156' title='bbox 1144 2290 1264 2355; x_wconf 86' lang='lat' dir='ltr'><strong>Bonei-</strong></span> 
     </span>
     <span class='ocr_line' id='line_1_21' title="bbox 161 2387 1264 2484; baseline 0.003 -30"><span class='ocrx_word' id='word_1_157' title='bbox 161 2387 230 2454; x_wconf 91' lang='lat' dir='ltr'><strong>lum</strong></span> <span class='ocrx_word' id='word_1_158' title='bbox 245 2390 343 2470; x_wconf 64' lang='lat'>1558,</span> <span class='ocrx_word' id='word_1_159' title='bbox 359 2392 481 2477; x_wconf 82' lang='lat' dir='ltr'><strong>Georg.</strong></span> <span class='ocrx_word' id='word_1_160' title='bbox 498 2393 655 2484; x_wconf 77' lang='lat' dir='ltr'><strong>Fabricii,</strong></span> <span class='ocrx_word' id='word_1_161' title='bbox 672 2393 828 2470; x_wconf 85' lang='lat' dir='ltr'><strong>Plautini,</strong></span> <span class='ocrx_word' id='word_1_162' title='bbox 854 2413 930 2476; x_wconf 85' lang='lat' dir='ltr'><strong>quae</strong></span> <span class='ocrx_word' id='word_1_163' title='bbox 945 2394 980 2456; x_wconf 92' lang='lat' dir='ltr'><strong>in</strong></span> <span class='ocrx_word' id='word_1_164' title='bbox 992 2395 1140 2475; x_wconf 84' lang='lat' dir='ltr'><strong>margine</strong></span> <span class='ocrx_word' id='word_1_165' title='bbox 1154 2394 1264 2457; x_wconf 86' lang='lat' dir='ltr'><strong>varias</strong></span> 
     </span>
     <span class='ocr_line' id='line_1_22' title="bbox 161 2490 1266 2579; baseline 0.005 -24"><span class='ocrx_word' id='word_1_166' title='bbox 161 2490 322 2558; x_wconf 88' lang='lat' dir='ltr'><strong>lectiones</strong></span> <span class='ocrx_word' id='word_1_167' title='bbox 350 2494 485 2572; x_wconf 89' lang='lat' dir='ltr'><strong>habent,</strong></span> <span class='ocrx_word' id='word_1_168' title='bbox 514 2514 655 2578; x_wconf 88' lang='lat' dir='ltr'><strong>quarum</strong></span> <span class='ocrx_word' id='word_1_169' title='bbox 681 2513 835 2577; x_wconf 79' lang='lat' dir='ltr'><strong>magnam</strong></span> <span class='ocrx_word' id='word_1_170' title='bbox 848 2499 988 2579; x_wconf 76' lang='lat' dir='ltr'><strong>partem</strong></span> <span class='ocrx_word' id='word_1_171' title='bbox 1021 2494 1266 2560; x_wconf 88' lang='lat' dir='ltr'><strong>emendationes</strong></span> 
     </span>
     <span class='ocr_line' id='line_1_23' title="bbox 161 2594 1275 2679; baseline -0.002 -19"><span class='ocrx_word' id='word_1_172' title='bbox 161 2595 307 2662; x_wconf 85' lang='lat' dir='ltr'><strong>virorum</strong></span> <span class='ocrx_word' id='word_1_173' title='bbox 321 2597 494 2662; x_wconf 90' lang='lat' dir='ltr'><strong>doctorum</strong></span> <span class='ocrx_word' id='word_1_174' title='bbox 507 2617 582 2662; x_wconf 87' lang='lat' dir='ltr'><strong>esse</strong></span> <span class='ocrx_word' id='word_1_175' title='bbox 596 2597 678 2661; x_wconf 89' lang='lat' dir='ltr'><strong>vidi.</strong></span> <span class='ocrx_word' id='word_1_176' title='bbox 724 2594 816 2661; x_wconf 88' lang='lat' dir='ltr'><strong>Nam</strong></span> <span class='ocrx_word' id='word_1_177' title='bbox 840 2597 928 2661; x_wconf 88' lang='lat' dir='ltr'><strong>suere</strong></span> <span class='ocrx_word' id='word_1_178' title='bbox 953 2598 1090 2679; x_wconf 88' lang='lat' dir='ltr'><strong>passim,</strong></span> <span class='ocrx_word' id='word_1_179' title='bbox 1116 2599 1174 2679; x_wconf 93' lang='lat' dir='ltr'><strong>qui</strong></span> <span class='ocrx_word' id='word_1_180' title='bbox 1199 2598 1275 2661; x_wconf 72' lang='lat' dir='ltr'><strong>sin·v</strong></span> 
     </span>
     <span class='ocr_line' id='line_1_24' title="bbox 164 2697 1273 2782; baseline 0.003 -20"><span class='ocrx_word' id='word_1_181' title='bbox 164 2698 244 2782; x_wconf 79' lang='lat' dir='ltr'><strong>gula</strong></span> <span class='ocrx_word' id='word_1_182' title='bbox 255 2699 334 2763; x_wconf 87' lang='lat' dir='ltr'><strong>loca</strong></span> <span class='ocrx_word' id='word_1_183' title='bbox 357 2701 391 2762; x_wconf 91' lang='lat' dir='ltr'><strong>in</strong></span> <span class='ocrx_word' id='word_1_184' title='bbox 416 2697 497 2776; x_wconf 82' lang='lat' dir='ltr'><strong>ciri,</strong></span> <span class='ocrx_word' id='word_1_185' title='bbox 520 2706 558 2764; x_wconf 86' lang='lat' dir='ltr'><strong>ut</strong></span> <span class='ocrx_word' id='word_1_186' title='bbox 582 2700 616 2762; x_wconf 93' lang='lat' dir='ltr'><strong>in</strong></span> <span class='ocrx_word' id='word_1_187' title='bbox 642 2699 719 2764; x_wconf 84' lang='lat' dir='ltr'><strong>aliis</strong></span> <span class='ocrx_word' id='word_1_188' title='bbox 744 2706 889 2764; x_wconf 84' lang='lat' dir='ltr'><strong>veterum</strong></span> <span class='ocrx_word' id='word_1_189' title='bbox 913 2700 1019 2776; x_wconf 88' lang='lat' dir='ltr'><strong>libris,</strong></span> <span class='ocrx_word' id='word_1_190' title='bbox 1044 2700 1273 2764; x_wconf 84' lang='lat' dir='ltr'><strong>emendarent.</strong></span> 
     </span>
     <span class='ocr_line' id='line_1_25' title="bbox 164 2799 1267 2886; baseline 0.001 -22"><span class='ocrx_word' id='word_1_191' title='bbox 164 2799 234 2879; x_wconf 88' lang='lat' dir='ltr'><strong>Sic,</strong></span> <span class='ocrx_word' id='word_1_192' title='bbox 249 2808 286 2866; x_wconf 93' lang='lat' dir='ltr'><strong>ut</strong></span> <span class='ocrx_word' id='word_1_193' title='bbox 295 2822 395 2866; x_wconf 88' lang='lat' dir='ltr'><strong>unam</strong></span> <span class='ocrx_word' id='word_1_194' title='bbox 409 2802 462 2866; x_wconf 87' lang='lat' dir='ltr'><strong>vel</strong></span> <span class='ocrx_word' id='word_1_195' title='bbox 478 2803 617 2867; x_wconf 86' lang='lat' dir='ltr'><strong>alteram</strong></span> <span class='ocrx_word' id='word_1_196' title='bbox 626 2801 651 2866; x_wconf 83' lang='lat' dir='ltr'>J</span> <span class='ocrx_word' id='word_1_197' title='bbox 653 2804 708 2866; x_wconf 86' lang='lat' dir='ltr'><strong>ani</strong></span> <span class='ocrx_word' id='word_1_198' title='bbox 723 2802 893 2867; x_wconf 87' lang='lat' dir='ltr'><strong>Parrhasii</strong></span> <span class='ocrx_word' id='word_1_199' title='bbox 909 2808 942 2867; x_wconf 91' lang='lat' dir='ltr'><strong>et</strong></span> <span class='ocrx_word' id='word_1_200' title='bbox 964 2801 1077 2867; x_wconf 92' lang='lat' dir='ltr'><strong>Paulli</strong></span> <span class='ocrx_word' id='word_1_201' title='bbox 1098 2803 1267 2886; x_wconf 84' lang='lat' dir='ltr'><strong>Leopardi</strong></span> 
     </span>
     <span class='ocr_line' id='line_1_26' title="bbox 164 2902 1266 2988; baseline 0 -21"><span class='ocrx_word' id='word_1_202' title='bbox 164 2906 402 2968; x_wconf 87' lang='lat' dir='ltr'><strong>correctionem</strong></span> <span class='ocrx_word' id='word_1_203' title='bbox 443 2910 585 2982; x_wconf 87' lang='lat' dir='ltr'><strong>taceam,</strong></span> <span class='ocrx_word' id='word_1_204' title='bbox 631 2905 773 2988; x_wconf 89' lang='lat' dir='ltr'><strong>plurima</strong></span> <span class='ocrx_word' id='word_1_205' title='bbox 820 2908 1007 2968; x_wconf 88' lang='lat' dir='ltr'><strong>correxerat</strong></span> <span class='ocrx_word' id='word_1_206' title='bbox 1048 2904 1082 2966; x_wconf 91' lang='lat' dir='ltr'><strong>in</strong></span> <span class='ocrx_word' id='word_1_207' title='bbox 1120 2902 1266 2967; x_wconf 89' lang='lat' dir='ltr'><strong>Miscell.</strong></span> 
     </span>
     <span class='ocr_line' id='line_1_27' title="bbox 164 3002 1266 3089; baseline -0.001 -21"><span class='ocrx_word' id='word_1_208' title='bbox 164 3002 334 3089; x_wconf 88' lang='lat' dir='ltr'><strong>Epiphyll.</strong></span> <span class='ocrx_word' id='word_1_209' title='bbox 364 3018 448 3083; x_wconf 76' lang='lat' dir='ltr'><strong>vm,</strong></span> <span class='ocrx_word' id='word_1_210' title='bbox 475 3006 519 3070; x_wconf 74' lang='lat'><strong>23</strong></span> <span class='ocrx_word' id='word_1_211' title='bbox 543 3025 616 3089; x_wconf 90' lang='lat' dir='ltr'><strong>sqq.</strong></span> <span class='ocrx_word' id='word_1_212' title='bbox 639 3004 716 3069; x_wconf 86' lang='lat' dir='ltr'><strong>Jac.</strong></span> <span class='ocrx_word' id='word_1_213' title='bbox 744 3003 823 3069; x_wconf 88' lang='lat' dir='ltr'><strong>Nic.</strong></span> <span class='ocrx_word' id='word_1_214' title='bbox 851 3004 1006 3082; x_wconf 72' lang='lat' dir='ltr'><strong>Loensis,</strong></span> <span class='ocrx_word' id='word_1_215' title='bbox 1027 3005 1085 3088; x_wconf 92' lang='lat' dir='ltr'><strong>qui</strong></span> <span class='ocrx_word' id='word_1_216' title='bbox 1099 3006 1142 3068; x_wconf 89' lang='lat' dir='ltr'><strong>ab</strong></span> <span class='ocrx_word' id='word_1_217' title='bbox 1157 3006 1266 3068; x_wconf 87' lang='lat' dir='ltr'><strong>amico</strong></span> 
     </span>
     <span class='ocr_line' id='line_1_28' title="bbox 164 3102 1267 3190; baseline -0.001 -21"><span class='ocrx_word' id='word_1_218' title='bbox 164 3102 344 3188; x_wconf 72' lang='lat' dir='ltr'><strong>leopardo</strong></span> <span class='ocrx_word' id='word_1_219' title='bbox 358 3107 549 3188; x_wconf 88' lang='lat' dir='ltr'><strong>exemplum</strong></span> <span class='ocrx_word' id='word_1_220' title='bbox 564 3105 650 3170; x_wconf 88' lang='lat' dir='ltr'><strong>Giris</strong></span> <span class='ocrx_word' id='word_1_221' title='bbox 665 3113 838 3190; x_wconf 88' lang='lat' dir='ltr'><strong>acceperat</strong></span> <span class='ocrx_word' id='word_1_222' title='bbox 853 3126 896 3169; x_wconf 90' lang='lat' dir='ltr'><strong>ex</strong></span> <span class='ocrx_word' id='word_1_223' title='bbox 911 3108 1025 3190; x_wconf 88' lang='lat' dir='ltr'><strong>prisca</strong></span> <span class='ocrx_word' id='word_1_224' title='bbox 1049 3105 1195 3169; x_wconf 89' lang='lat' dir='ltr'><strong>editione</strong></span> <span class='ocrx_word' id='word_1_225' title='bbox 1210 3105 1267 3168; x_wconf 93' lang='lat' dir='ltr'><strong>de-</strong></span> 
     </span>
     <span class='ocr_line' id='line_1_29' title="bbox 164 3208 1268 3292; baseline -0.001 -22"><span class='ocrx_word' id='word_1_226' title='bbox 164 3209 336 3291; x_wconf 89' lang='lat' dir='ltr'><strong>scriptum,</strong></span> <span class='ocrx_word' id='word_1_227' title='bbox 351 3208 466 3271; x_wconf 87' lang='lat' dir='ltr'><strong>addita</strong></span> <span class='ocrx_word' id='word_1_228' title='bbox 487 3209 560 3289; x_wconf 89' lang='lat' dir='ltr'><strong>ejus</strong></span> <span class='ocrx_word' id='word_1_229' title='bbox 575 3210 805 3290; x_wconf 83' lang='lat' dir='ltr'><strong>castigatione.</strong></span> <span class='ocrx_word' id='word_1_230' title='bbox 851 3209 951 3272; x_wconf 88' lang='lat' dir='ltr'><strong>Hanc</strong></span> <span class='ocrx_word' id='word_1_231' title='bbox 966 3210 1076 3292; x_wconf 87' lang='lat' dir='ltr'><strong>ipsam</strong></span> <span class='ocrx_word' id='word_1_232' title='bbox 1089 3208 1268 3270; x_wconf 91' lang='lat' dir='ltr'><strong>editionem</strong></span> 
     </span>
     <span class='ocr_line' id='line_1_30' title="bbox 165 3305 1279 3393; baseline -0.001 -22"><span class='ocrx_word' id='word_1_233' title='bbox 165 3305 410 3374; x_wconf 87' lang='lat' dir='ltr'><strong>Cataleclorum</strong></span> <span class='ocrx_word' id='word_1_234' title='bbox 424 3308 574 3390; x_wconf 85' lang='lat' dir='ltr'><strong>intelligo</strong></span> <span class='ocrx_word' id='word_1_235' title='bbox 587 3310 690 3374; x_wconf 85' lang='lat' dir='ltr'><strong>luisse</strong></span> <span class='ocrx_word' id='word_1_236' title='bbox 713 3311 816 3387; x_wconf 88' lang='lat' dir='ltr'><strong>illam,</strong></span> <span class='ocrx_word' id='word_1_237' title='bbox 843 3330 944 3393; x_wconf 85' lang='lat' dir='ltr'><strong>quam</strong></span> <span class='ocrx_word' id='word_1_238' title='bbox 972 3310 1131 3373; x_wconf 89' lang='lat' dir='ltr'><strong>Heinsius</strong></span> <span class='ocrx_word' id='word_1_239' title='bbox 1152 3309 1210 3371; x_wconf 95' lang='lat' dir='ltr'><strong>diu</strong></span> <span class='ocrx_word' id='word_1_240' title='bbox 1231 3327 1279 3384; x_wconf 86' lang='lat' dir='ltr'><strong>se¹</strong></span> 
     </span>
     <span class='ocr_line' id='line_1_31' title="bbox 164 3407 1268 3495; baseline -0.004 -21"><span class='ocrx_word' id='word_1_241' title='bbox 164 3407 288 3475; x_wconf 86' lang='lat' dir='ltr'><strong>frustra</strong></span> <span class='ocrx_word' id='word_1_242' title='bbox 302 3412 499 3495; x_wconf 83' lang='lat' dir='ltr'><strong>quaesivisse</strong></span> <span class='ocrx_word' id='word_1_243' title='bbox 513 3411 562 3475; x_wconf 88' lang='lat' dir='ltr'><strong>ait</strong></span> <span class='ocrx_word' id='word_1_244' title='bbox 575 3412 609 3474; x_wconf 92' lang='lat' dir='ltr'><strong>in</strong></span> <span class='ocrx_word' id='word_1_245' title='bbox 622 3410 744 3495; x_wconf 77' lang='lat' dir='ltr'><strong>Epist.</strong></span> <span class='ocrx_word' id='word_1_246' title='bbox 771 3411 816 3474; x_wconf 89' lang='lat' dir='ltr'><strong>ad</strong></span> <span class='ocrx_word' id='word_1_247' title='bbox 839 3411 1020 3474; x_wconf 90' lang='lat' dir='ltr'><strong>Daumium</strong></span> <span class='ocrx_word' id='word_1_248' title='bbox 1041 3410 1138 3474; x_wconf 86' lang='lat' dir='ltr'><strong>Tom.</strong></span> <span class='ocrx_word' id='word_1_249' title='bbox 1156 3427 1178 3470; x_wconf 92' lang='lat' dir='ltr'><strong>v</strong></span> <span class='ocrx_word' id='word_1_250' title='bbox 1194 3409 1268 3492; x_wconf 90' lang='lat' dir='ltr'><strong>Syl-</strong></span> 
     </span>
     <span class='ocr_line' id='line_1_32' title="bbox 164 3510 1267 3596; baseline -0.006 -19"><span class='ocrx_word' id='word_1_251' title='bbox 164 3513 258 3594; x_wconf 82' lang='lat' dir='ltr'><strong>loges</strong></span> <span class='ocrx_word' id='word_1_252' title='bbox 269 3513 450 3576; x_wconf 90' lang='lat' dir='ltr'><strong>Burmann.</strong></span> <span class='ocrx_word' id='word_1_253' title='bbox 463 3534 497 3596; x_wconf 93' lang='lat' dir='ltr'><strong>p.</strong></span> <span class='ocrx_word' id='word_1_254' title='bbox 513 3512 596 3592; x_wconf 79' lang='lat'>2183</span> <span class='ocrx_word' id='word_1_255' title='bbox 618 3533 695 3577; x_wconf 91' lang='lat' dir='ltr'><strong>nam</strong></span> <span class='ocrx_word' id='word_1_256' title='bbox 710 3512 864 3578; x_wconf 88' lang='lat' dir='ltr'><strong>Barthius</strong></span> <span class='ocrx_word' id='word_1_257' title='bbox 879 3510 1133 3577; x_wconf 71' lang='lat' dir='ltr'><strong>inadversariis</strong></span> <span class='ocrx_word' id='word_1_258' title='bbox 1148 3531 1188 3574; x_wconf 87' lang='lat' dir='ltr'><strong>ea</strong></span> <span class='ocrx_word' id='word_1_259' title='bbox 1200 3529 1267 3573; x_wconf 88' lang='lat' dir='ltr'><strong>non</strong></span> 
     </span>
     <span class='ocr_line' id='line_1_33' title="bbox 165 3612 1275 3701; baseline -0.005 -21"><span class='ocrx_word' id='word_1_260' title='bbox 165 3616 239 3701; x_wconf 88' lang='lat' dir='ltr'><strong>ipse</strong></span> <span class='ocrx_word' id='word_1_261' title='bbox 250 3633 333 3679; x_wconf 93' lang='lat' dir='ltr'><strong>usus</strong></span> <span class='ocrx_word' id='word_1_262' title='bbox 348 3622 409 3690; x_wconf 89' lang='lat' dir='ltr'><strong>est,</strong></span> <span class='ocrx_word' id='word_1_263' title='bbox 427 3617 485 3679; x_wconf 89' lang='lat' dir='ltr'><strong>scd</strong></span> <span class='ocrx_word' id='word_1_264' title='bbox 500 3617 543 3680; x_wconf 89' lang='lat' dir='ltr'><strong>ad</strong></span> <span class='ocrx_word' id='word_1_265' title='bbox 557 3614 701 3680; x_wconf 80' lang='lat' dir='ltr'><strong>Lo&#39;ensis</strong></span> <span class='ocrx_word' id='word_1_266' title='bbox 716 3615 814 3679; x_wconf 89' lang='lat' dir='ltr'><strong>fidem</strong></span> <span class='ocrx_word' id='word_1_267' title='bbox 837 3618 1009 3697; x_wconf 86' lang='lat' dir='ltr'><strong>provocat.</strong></span> <span class='ocrx_word' id='word_1_268' title='bbox 1055 3613 1096 3676; x_wconf 91' lang='lat' dir='ltr'><strong>In</strong></span> <span class='ocrx_word' id='word_1_269' title='bbox 1123 3612 1275 3677; x_wconf 88' lang='lat' dir='ltr'><strong>Miscell.·</strong></span> 
     </span>
     <span class='ocr_line' id='line_1_34' title="bbox 167 3715 1275 3794; baseline -0.004 -13"><span class='ocrx_word' id='word_1_270' title='bbox 167 3715 269 3783; x_wconf 90' lang='lat' dir='ltr'><strong>Obss.</strong></span> <span class='ocrx_word' id='word_1_271' title='bbox 284 3716 362 3781; x_wconf 92' lang='lat' dir='ltr'><strong>Vol.</strong></span> <span class='ocrx_word' id='word_1_272' title='bbox 380 3733 416 3779; x_wconf 82' lang='lat' dir='ltr'><strong>lv</strong></span> <span class='ocrx_word' id='word_1_273' title='bbox 433 3719 508 3781; x_wconf 88' lang='lat' dir='ltr'><strong>loca</strong></span> <span class='ocrx_word' id='word_1_274' title='bbox 533 3720 691 3784; x_wconf 89' lang='lat' dir='ltr'><strong>nonnulla</strong></span> <span class='ocrx_word' id='word_1_275' title='bbox 705 3740 749 3783; x_wconf 85' lang='lat' dir='ltr'><strong>ex</strong></span> <span class='ocrx_word' id='word_1_276' title='bbox 763 3717 833 3782; x_wconf 90' lang='lat' dir='ltr'><strong>Ciri</strong></span> <span class='ocrx_word' id='word_1_277' title='bbox 845 3721 1064 3781; x_wconf 88' lang='lat' dir='ltr'><strong>retractarunt</strong></span> <span class='ocrx_word' id='word_1_278' title='bbox 1077 3717 1140 3781; x_wconf 82' lang='lat' dir='ltr'><strong>viri</strong></span> <span class='ocrx_word' id='word_1_279' title='bbox 1152 3715 1275 3794; x_wconf 63' lang='lat' dir='ltr'><strong>doctitr</strong></span> 
     </span>
     <span class='ocr_line' id='line_1_35' title="bbox 167 3818 640 3886; baseline 0.004 -2"><span class='ocrx_word' id='word_1_280' title='bbox 167 3820 227 3884; x_wconf 83' lang='lat' dir='ltr'><strong>sed</strong></span> <span class='ocrx_word' id='word_1_281' title='bbox 239 3819 375 3884; x_wconf 90' lang='lat' dir='ltr'><strong>levioris</strong></span> <span class='ocrx_word' id='word_1_282' title='bbox 390 3818 455 3883; x_wconf 87' lang='lat' dir='ltr'><strong>fere</strong></span> <span class='ocrx_word' id='word_1_283' title='bbox 470 3823 640 3886; x_wconf 90' lang='lat' dir='ltr'><strong>momenti.</strong></span> 
     </span>
    </p>
   </div>
   <div class='ocr_carea' id='block_1_3' title="bbox 664 3971 770 4024">
    <p class='ocr_par' dir='ltr' id='par_1_3' title="bbox 664 3971 770 4024">
     <span class='ocr_line' id='line_1_36' title="bbox 664 3971 770 4024; baseline -0.019 0"><span class='ocrx_word' id='word_1_284' title='bbox 664 3971 770 4024; x_wconf 81' lang='lat' dir='ltr'>NOTAE</span> 
     </span>
    </p>
   </div>
   <div class='ocr_carea' id='block_1_4' title="bbox 166 4062 1271 4209">
    <p class='ocr_par' dir='ltr' id='par_1_4' title="bbox 166 4062 1271 4209">
     <span class='ocr_line' id='line_1_37' title="bbox 201 4062 1271 4133; baseline -0.002 -19"><span class='ocrx_word' id='word_1_285' title='bbox 201 4067 209 4093; x_wconf 90' lang='lat'><strong>¹</strong></span> <span class='ocrx_word' id='word_1_286' title='bbox 228 4066 315 4115; x_wconf 87' lang='lat' dir='ltr'><strong>Editio</strong></span> <span class='ocrx_word' id='word_1_287' title='bbox 327 4067 372 4116; x_wconf 87' lang='lat' dir='ltr'><strong>illa</strong></span> <span class='ocrx_word' id='word_1_288' title='bbox 383 4071 445 4117; x_wconf 74' lang='lat'>1517</span> <span class='ocrx_word' id='word_1_289' title='bbox 453 4066 700 4133; x_wconf 70' lang='lat' dir='ltr'><strong>intelligentiaque·</strong></span> <span class='ocrx_word' id='word_1_290' title='bbox 740 4066 928 4118; x_wconf 76' lang='lat' dir='ltr'><strong>meeicitatur.</strong></span> <span class='ocrx_word' id='word_1_291' title='bbox 953 4062 1271 4132; x_wconf 81' lang='lat' dir='ltr'><strong>&#39;Reliquasduasnonnisi</strong></span> 
     </span>
     <span class='ocr_line' id='line_1_38' title="bbox 166 4138 1193 4209; baseline 0.003 -21"><span class='ocrx_word' id='word_1_292' title='bbox 166 4138 215 4189; x_wconf 86' lang='lat' dir='ltr'><strong>ties</strong></span> <span class='ocrx_word' id='word_1_293' title='bbox 233 4140 335 4205; x_wconf 80' lang='lat' dir='ltr'><strong>Aldina,</strong></span> <span class='ocrx_word' id='word_1_294' title='bbox 353 4151 475 4208; x_wconf 83' lang='lat' dir='ltr'><strong>tanquam</strong></span> <span class='ocrx_word' id='word_1_295' title='bbox 495 4144 666 4209; x_wconf 88' lang='lat' dir='ltr'><strong>emendatior,</strong></span> <span class='ocrx_word' id='word_1_296' title='bbox 684 4162 700 4195; x_wconf 80' lang='lat' dir='ltr'><strong>a</strong></span> <span class='ocrx_word' id='word_1_297' title='bbox 739 4144 842 4194; x_wconf 70' lang='lat' dir='ltr'><strong>innova</strong></span> <span class='ocrx_word' id='word_1_298' title='bbox 851 4143 1003 4194; x_wconf 87' lang='lat' dir='ltr'><strong>recensione</strong></span> <span class='ocrx_word' id='word_1_299' title='bbox 1011 4149 1103 4192; x_wconf 78' lang='lat' dir='ltr'><strong>noetus</strong></span> <span class='ocrx_word' id='word_1_300' title='bbox 1114 4156 1193 4193; x_wconf 84' lang='lat' dir='ltr'><strong>eram.</strong></span> 
     </span>
    </p>
   </div>
   <div class='ocr_carea' id='block_1_5' title="bbox 0 0 1381 4686">
    <p class='ocr_par' dir='ltr' id='par_1_5' title="bbox 0 0 1381 4686">
     <span class='ocr_line' id='line_1_39' title="bbox 0 0 1381 4686; baseline 0 0"><span class='ocrx_word' id='word_1_301' title='bbox 0 0 1381 4686; x_wconf 95' lang='lat' dir='ltr'><strong> </strong></span> 
     </span>
    </p>
   </div>
  </div>
 </body>
</html>
