2730 4686
127 295 214 377 ledo
477 312 510 361 r.
525 311 685 362 rracrarr
704 309 873 361 nnnonrs

126 454 209 523 Nun
221 462 334 522 tmen
349 457 511 525 absistam
526 462 676 540 coeptum
689 455 840 523 detexero
852 474 985 524 mimus.

126 555 170 625 In
185 579 250 641 quo
263 558 337 642 jure
350 579 445 625 mena
459 561 586 625 utinam
599 560 803 642 requiescere
817 558 950 639 Musas,

129 656 174 735 Et
185 659 303 725 leviter
315 661 475 727 blandum
488 661 590 725 liceat
603 660 767 743 deponere
780 679 916 727 morem.

130 758 151 802 ¹*
164 759 265 840 Quod
279 763 310 828 si
324 763 500 829 mirificum
514 761 659 844 proferre
672 763 786 829 valent
799 748 905 844 genna
917 780 1035 829 omnes

130 1021 243 1088 Aquilei.
255 1039 281 1087 p.
293 1028 334 1073 85.
367 1023 445 1072 Basil.
455 1024 574 1087 repud.-
586 1022 653 1073 unde
665 1022 756 1074 Helm.
767 1023 878 1087 eusperds'
888 1022 929 1073 vel
940 1037 966 1071 se
977 1020 1064 1071 ludit.
1089 1020 1134 1074 Μ.
1145 1016 1232 1072 Scire

131 1087 188 1138 der.
199 1086 347 1138 Emendatt.
364 1103 387 1138 c.
398 1102 440 1148 ιιι,
457 1102 483 1151 p.
493 1093 524 1138 85
540 1089 660 1151 suspexit:
676 1103 735 1137 cum
751 1088 849 1139 Jacobs
865 1098 968 1138 nostro:
989 1084 1036 1136 inf.
1051 1090 1103 1137 als
1119 1091 1145 1137 st
1159 1088 1231 1135 eliu

131 1152 229 1216 aspicit
244 1154 275 1200 ud
291 1153 348 1200 culti
364 1153 475 1201 muntia
488 1154 567 1202 nderu
582 1153 672 1202 madi.
706 1154 742 1202 Et
758 1153 794 1204 sic
813 1153 890 1202 codd.
909 1152 965 1201 AEn.
983 1163 1024 1213 ιι,
1038 1155 1089 1202 482
1104 1151 1232 1217 misius

130 1216 205 1265 «88η
220 1219 251 1265 od
268 1217 368 1267 Lusum
410 1217 512 1267 Durum
529 1223 616 1267 tamen
634 1225 662 1267 et
681 1217 748 1267 hoc:
771 1233 829 1267 mea
848 1217 926 1266 Musa
943 1214 1061 1280 suspexit
1079 1214 1114 1264 ad
1131 1216 1231 1266 colum

127 1281 243 1394 &eim
253 1288 282 1329 et
296 1282 378 1344 paucis
389 1288 454 1332 vett.
465 1280 526 1331 edd.
538 1297 627 1331 omnes
637 1282 735 1333 habere
746 1283 863 1347 Scaliger
874 1282 925 1331 ait:
938 1279 1007 1347 qnod
1017 1294 1110 1330 verum
1121 1294 1174 1331 non
1185 1287 1232 1330 ost.

187 1345 239 1394 'tur
248 1347 352 1410 passim,
363 1346 441 1396 etiam
453 1346 480 1395 in
491 1347 580 1410 Basil,
590 1348 679 1411 mdia,
690 1353 717 1397 et
726 1348 858 1410 ploeidnus.⁸
867 1345 913 1395 sed
923 1345 1025 1396 vitiose.
1058 1344 1233 1396 Vetnsedltia

131 1407 163 1458 P.
230 1408 304 1473 pardi
323 1411 391 1488 apud
401 1412 459 1463 Jac.
473 1412 534 1462 Nic.
551 1412 781 1477 Loinsem‘Eplplr
801 1412 827 1460 ll.
839 1425 902 1475 vrri,
917 1414 949 1461 88
967 1411 1019 1460 Ner
1028 1408 1130 1470 sscien
1143 1409 1232 1471 nullis,

130 1485 164 1522 ex
181 1473 408 1537 interpretatione.
440 1477 564 1526 meeum
579 1479 662 1526 oslless
677 1477 746 1541 conj.
792 1477 929 1526 eina-lo.
947 1480 986 1525 ll.
1004 1474 1035 1523 ln
1052 1488 1105 1539 quo
1121 1474 1232 1524 carmine

131 1537 230 1587 utinam
247 1540 325 1590 liceat
343 1540 418 1590 linire
435 1541 537 1592 labores
552 1556 623 1591 meos
641 1541 775 1605 poeticos:
793 1540 872 1602 forte,
886 1546 916 1590 ut
927 1545 1011 1589 toturn
1021 1553 1051 1589 se
1064 1536 1233 1603 philosophie

132 1601 246 1654 addicat.
279 1605 332 1654 Sed
343 1613 453 1684 uterque
464 1620 553 1657 versos
568 1606 600 1655 ab
617 1606 805 1669 interpolatore
820 1603 955 1681 profectus
970 1602 1082 1654 videtur.
1115 1602 1234 1654 odom

132 1667 243 1718 enimet
260 1669 351 1719 durum
368 1669 468 1730 ripere
483 1679 512 1720 et
528 1671 621 1720 leoilm
655 1670 747 1719 Heius.
767 1684 836 1733 conj.
854 1685 919 1732 rare,
935 1668 1048 1718 hortulo.
1081 1666 1178 1718 Melina
1191 1666 1234 1718 la.

131 1728 269 1783 Schrader.
289 1736 344 1784 rite.
383 1735 449 1784 Turn
468 1750 533 1784 meua
552 1736 636 1784 rem
653 1734 725 1784 licem
742 1735 886 1797 repuioeeere
904 1735 930 1782 is
949 1733 992 1781 noe
1010 1732 1123 1796 omnine,
1144 1744 1233 1796 pam

132 1805 219 1848 comta
235 1800 326 1848 oratio.
359 1798 482 1849 Attamen
500 1800 610 1848 ibadam
628 1813 714 1848 morem
733 1813 783 1849 non
803 1799 870 1848 mule
889 1798 988 1847 dictum
1005 1803 1083 1861 putes
1096 1795 1132 1846 de
1148 1795 1233 1846 studio

133 1863 246 1926 politico,
263 1865 303 1914 cui
321 1865 447 1930 indulget.
480 1863 537 1916 Jac.
560 1864 621 1914 Nic.
640 1862 746 1913 liciniis
765 1863 898 1927 Epiphyll.
915 1875 978 1925 vnr,
993 1865 1025 1911 aa
1044 1875 1079 1910 ex
1097 1867 1152 1910 ret.
1171 1859 1235 1911 edit.

132 1928 245 1991 &penem
256 1945 357 1978 onerem
368 1928 468 1992 profert
493 1929 572 1993 idque
584 1929 707 1978 Barthins
717 1926 828 1978 Advers.
840 1941 867 1990 x,
879 1931 911 1977 12
928 1926 1031 1990 probat,
1047 1939 1106 1975 cnm
1127 1924 1235 1974 Heinsio

131 1992 187 2057 (qui
199 2002 226 2042 et
240 1996 306 2055 conj.
321 1995 454 2043 Leniteret
465 1965 583 2054 dionem
599 2000 630 2043 ut
641 1994 747 2042 Lucret.
765 1992 809 2042 lib.
821 2005 832 2042 r
844 1991 896 2055 pr.)
913 1998 940 2040 et
956 2005 1015 2040 cnm
1032 1989 1075 2041 Jo.
1090 1988 1235 2038 Schradem

133 2055 282 2105 Erueudntt.
301 2073 326 2119 p.
338 2064 386 2116 68;
404 2073 460 2107 esse
477 2059 544 2107 eninr
562 2056 631 2106 idem
647 2059 696 2107 hoc
712 2057 780 2121 apud
797 2056 927 2106 Catullum
941 2068 1024 2111 mv,
1035 2059 1066 2103 18
1082 2054 1121 2104 nl
1163 2053 1168 2066 '
1201 2057 1236 2103 α

132 2119 227 2179 ongum
245 2120 322 2169 sabito
340 2124 454 2183 deponere
473 2136 583 2170 omrem.
622 2122 720 2170 Narrat
738 2129 867 2182 praeterea
885 2120 928 2170 Jo.
944 2120 1073 2169 Schrader
1192 2116 1236 2184 qul

132 2183 238 2231 mullet:
261 2186 374 2245 deponere
394 2185 585 2233 honorem—12.
612 2184 644 2232 ln
664 2190 730 2234 vett.
751 2184 822 2245 edd,
842 2183 921 2233 etiarn
943 2184 970 2233 in
991 2182 1095 2247 Aldina,
1117 2189 1236 2232 numm:

134 2244 224 2300 Oudai
234 2246 360 2311 mirificum
370 2262 445 2309 genes
455 2262 532 2296 osum
542 2247 645 2310 regitur.
678 2247 811 2313 Miridnon
824 2248 894 2296 seclis
910 2248 1001 2299 eedem
1017 2254 1069 2297 ret.
1087 2246 1153 2297 edit.

132 2307 259 2358 larensem
270 2311 287 2360 l.
297 2327 321 2360 c.
351 2313 407 2361 Nec
419 2312 495 2360 aliter
506 2312 585 2360 Basil.
612 2310 664 2363 Qui
675 2326 780 2362 carmen
791 2313 840 2361 hoc
852 2328 868 2361 a
879 2312 987 2362 dirersis
998 2313 1082 2362 doctis
1091 2312 1190 2361 homins

132 2373 326 2438 interpolatum,
336 2376 548 2440 interpolationes
559 2381 646 2426 autem
657 2375 684 2425 in
694 2377 819 2441 margine,
836 2377 946 2427 obscuro
962 2377 1091 2427 interdum
1101 2383 1131 2425 et
1147 2389 1238 2439 parum

133 2438 268 2489 elaborato
280 2441 412 2490 literarum
424 2440 504 2490 doctu
516 2440 643 2503 ascriptus
657 2441 813 2501 meminerit,
828 2442 851 2491 is
868 2442 1007 2505 intelliget,
1026 2455 1102 2506 qnam
1119 2439 1198 2490 facile
1212 2440 1238 2488 nr

133 2502 198 2555 locis
209 2505 247 2553 hia
258 2520 273 2553 e
285 2505 401 2567 librario,
412 2508 455 2571 qui
468 2520 561 2555 novum
572 2505 632 2555 inde
644 2507 789 2570 exemplum
800 2506 919 2569 petebat,
936 2505 969 2555 de
989 2505 1136 2555 ravatioues
1148 2503 1239 2554 inferri

135 2576 254 2633 potuere,
273 2585 335 2634 quas
355 2572 439 2620 nullus
459 2571 523 2620 alius
541 2569 625 2621 codex
644 2584 735 2620 sanare
790 2578 852 2620 test.
885 2571 916 2620 ln
936 2570 961 2620 h.
983 2607 990 2620 .
1012 2576 1098 2619 tamen
1119 2570 1238 2619 lacunam

135 2635 244 2685 seriores
257 2637 416 2699 grammstIci
428 2651 473 2685 suo
485 2636 592 2701 quisque
603 2650 675 2685 more
686 2650 752 2700 supp
763 2649 816 2700 ere,
826 2642 854 2684 et
865 2635 908 2683 ulii
919 2635 968 2684 alia
978 2635 1004 2682 in
1016 2635 1132 2698 margine
1143 2647 1239 2684 novare

135 2706 164 2748 et
175 2716 264 2750 versus
276 2703 375 2751 veriore
387 2708 530 2751 tentarunt.
565 2703 657 2765 ltaque
675 2707 813 2766 utrumque
831 2713 933 2749 versum
948 2703 978 2748 18
989 2705 1018 2748 et
1030 2704 1061 2749 18
1077 2711 1134 2748 esse
1152 2699 1240 2749 delen·

135 2760 195 2814 dnm
208 2780 311 2828 cerueo,
320 2775 440 2831 tanquam
451 2767 538 2828 inepta
549 2766 664 2828 pericula
675 2765 850 2829 grammaticae
859 2778 949 2812 munus
960 2763 985 2812 in
998 2777 1074 2812 versu
1085 2778 1132 2813 seu
1141 2770 1241 2826 vetere,

136 2829 340 2945 &exciderat
358 2847 406 2896 sup
426 2830 503 2879 leudo
520 2845 565 2879 seu
585 2845 651 2879 novo
670 2829 846 2893 procedendo.
878 2828 995 2889 Scaliger
1012 2835 1098 2877 tamen
1117 2826 1239 2877 retinxit:

177 2895 227 2940 odei
248 2896 370 2955 meierum,
413 2897 480 2956 oleri,
496 2910 572 2954 genas
590 2909 656 2943 orm
675 2899 768 2942 iseram
786 2892 892 2958 Mirifice
909 2893 976 2941 seclis
994 2895 1061 2941 modo
1081 2893 1114 2940 sit
1134 2890 1241 2956 profem

134 2954 216 3016 libido,
233 2956 291 3005 h.c.
309 2958 330 3006 si
348 2966 417 3008 esset
433 2960 494 3007 milri
513 2957 592 3007 libido
610 2957 733 3007 mandare
751 2958 827 3007 seclis
845 2961 873 3007 et
889 2956 1019 3006 memorien
1036 2963 1143 3006 aeternae
1160 2970 1241 3021 mna

135 3015 306 3078 Valeriorum,
324 3037 356 3071 ex
369 3038 418 3086 quo
430 3023 600 3071 Messalarum
612 3020 718 3083 familia,
734 3035 785 3069 non
804 3037 818 3071 e
836 3027 891 3071 ote
907 3021 1054 3085 acciperem
1065 3022 1114 3070 hoc
1126 3035 1242 3084 munere,

135 3081 182 3131 sed
194 3084 269 3147 longe
282 3087 465 3135 excellentiore
477 3085 597 3135 carmine.
631 3085 692 3147 Ipse
708 3093 794 3134 tamen
830 3086 927 3149 caliges
942 3101 995 3136 suae
1013 3086 1172 3136 con'ectune
1188 3100 1239 3135 non

136 3146 199 3194 satis
219 3148 334 3197 contidit.
368 3151 490 3198 Bartlrius
509 3150 591 3197 minus
610 3149 688 3198 docte
708 3148 829 3199 refinxit:
854 3151 923 3205 Quod
942 3151 964 3200 si
982 3151 1044 3200 cersi
1132 3149 1240 3215 proferre

134 3211 215 3258 unet
224 3227 301 3271 genus
310 3214 385 3261 omnis
397 3214 531 3277 Miriflenm
541 3214 612 3261 secli:
627 3215 693 3261 medo
704 3214 737 3261 sit
748 3213 793 3261 tili
803 3215 861 3262 celle
872 3215 951 3263 libido.
984 3213 1118 3264 Turnebus
1129 3215 1241 3264 Advers.

136 3285 238 3335 mur,
248 3280 279 3323 ‘26
297 3279 358 3325 colet
367 3293 441 3338 gersus
451 3293 518 3327 omne
532 3278 663 3343 lilin'ficaru
673 3278 728 3326 secli
741 3279 856 3342 corrigit,
866 3278 899 3326 de
911 3294 985 3329 sensu
997 3281 1133 3329 verborum
1148 3277 1241 3329 idoneo

136 3352 228 3403 parurn
240 3340 363 3391 solicitus.
397 3343 553 3407 Pomponius
565 3343 674 3391 Sabinus
690 3342 728 3392 ita
742 3342 929 3406 interpretatur
940 3345 1079 3408 vulgatam,
1091 3352 1120 3393 nt
1131 3356 1241 3393 acumen

137 3402 187 3452 viri
196 3419 245 3452 non
259 3419 396 3467 assequar:
415 3408 431 3435 ‘⁴
442 3409 549 3471 Omnes,
559 3409 660 3472 supple,
672 3407 776 3457 tradere
787 3406 905 3457 suadent.
938 3408 967 3456 Si
976 3423 1064 3458 omnes
1076 3408 1195 3469 suadent,
1211 3415 1241 3457 ut

137 3464 248 3517 scribam
264 3468 460 3536 philosophiam,
477 3481 505 3524 et
521 3481 549 3524 tu
561 3475 636 3524 etiarn
647 3473 673 3521 id
684 3473 722 3523 vis
740 3480 767 3523 et
785 3486 833 3538 ego
844 3481 949 3538 paterer
964 3473 1089 3536 scribere,
1100 3488 1152 3522 non
1167 3487 1241 3522 vene·

637 3620 743 3672 NOTAE

137 3728 365 3791 WWMW
374 3728 463 3790 Mel),
479 3737 599 3793 ⁸tilletum
616 3735 669 3799 (vel
710 3733 787 3797 pauci
807 3736 951 3794 emergunt,
976 3730 1131 3781 ascendere:
1158 3729 1243 3779 ubsol-

137 3818 172 3866 se,
189 3807 215 3855 lr.
234 3821 355 3871 suspensa
376 3812 425 3868 est,
444 3819 565 3867 suspenso
584 3811 669 3859 animo
710 3823 767 3857 vum
780 3815 865 3856 tamen
877 3814 990 3870 coptum
1001 3819 1112 3855 carmen.
1132 3804 1243 3854 Videtur

138 3887 339 3946 ⁰⁰¹¹²⁰¹¹¹P¹²1¹¹lr
351 3883 392 3932 ”⁰¹
403 3897 447 3943 Μ,
463 3887 492 3930 lt
501 3880 586 3931 iulius
598 3885 670 3933 Sabi·
710 3884 774 3933 adco
786 3899 890 3933 carmen
903 3883 960 3947 jam
970 3883 1031 3931 olim
1041 3889 1163 3944 creptum,
1179 3893 1240 3929 nrox

137 3965 185 4002 ⁰¹¹⁸
198 3960 296 4019 “illle'’
311 3967 366 4021 ³¹¹1,
382 3958 450 4024 quod
462 3955 560 4014 m‘llffl,
575 3957 669 4008 aulien-
709 3963 849 4026 sepositum
870 3975 934 4010 esse.
975 3962 1096 4009 Ceterum
1119 3955 1241 4006 carminis

137 4027 193 4088 ⁶¹⁸²)
209 4033 282 4080 “lm
297 4038 328 4083 ed
345 4035 427 4096 mee
442 4035 521 4083 dim
539 4033 629 4094 mund,
646 4042 670 4084 ee
710 4040 810 4090 iunium
827 4042 906 4090 irruet
922 4040 1032 4104 iriquum
1048 4034 1240 4088 umrrnurnem

138 4111 249 4155 weal-
284 4109 382 4159 Collem
393 4107 670 4176 Sapientiae,a‹lqoen
711 4119 914 4184 cumcpigr.vrr
927 4112 1169 4167 intiucutaleet'a.
