2730 4686
560 340 758 391 MORRTU'M.
846 349 850 355 '

103 485 149 551 Et
162 488 254 552 clara
268 486 425 551 famulam
434 485 553 575 poscit
566 489 724 553 mortaria
736 505 833 553 voce.

102 587 241 671 Singula
256 594 324 652 turn
340 590 488 671 capitum
502 608 677 654 numeroso
692 589 815 655 cortice
828 590 943 668 nudat,

102 687 146 752 Et
159 692 298 755 summis
312 692 438 774 spoliat
452 691 564 768 coriis,
579 696 813 774 contemtoque
827 692 958 775 passim

103 789 236 873 Spargit
250 792 342 856 bumi
357 798 457 875 atque
473 793 587 857 abicit.
632 792 808 859 Servatum
822 794 966 876 gramine
979 793 1119 859 bulbum
1166 797 1211 862 ὥ

101 890 217 972 Tingit
232 912 331 975 aqua,
346 892 537 976 lapidisque
551 910 672 958 carum
688 894 878 960 demittitin
892 897 1016 960 orbem.

105 992 197 1057 Hinc
213 995 296 1058 salis
310 996 470 1078 inspergit
483 997 703 1076 miceo3au1e
717 997 818 1061 durus
833 998 937 1062 adeso

103 1091 232 1157 Caseus
246 1095 399 1179 adjicitur
412 1116 430 1174 ;,
444 1095 554 1161 dictas
569 1117 669 1181 super
683 1100 801 1181 ingerit
814 1100 932 1164 herbas
944 1119 953 1181 3

103 1194 148 1259 Et
162 1197 249 1261 laeva
263 1205 389 1265 vestem
405 1204 519 1263 setosa
533 1201 595 1263 sub
609 1202 745 1282 inguina
759 1202 866 1268 fulcit.

104 1295 254 1361 Dextera
268 1299 394 1380 pistillo
407 1300 550 1383 primum
564 1301 741 1383 fragrantia
754 1304 860 1368 mollit

102 1398 195 1464 Allia
207 1420 216 1478 ;
240 1406 309 1463 tum
324 1402 448 1484 pariter
462 1402 568 1467 mixto
582 1405 657 1468 terit
671 1407 782 1469 omnia
793 1425 908 1471 succo.

105 1502 138 1566 It
153 1523 270 1567 manus
285 1504 321 1565 in
334 1525 469 1587 gyrum;
492 1506 656 1588 paulatim
672 1507 800 1590 singula
814 1510 901 1574 vires

105 1603 300 1688 Deperdunt
314 1607 490 1689 proprias;
514 1609 606 1672 color
620 1614 671 1674 est
684 1629 703 1672 e
717 1610 867 1694 pluribus
881 1630 967 1676 unus
979 1633 989 1694 3

104 1707 180 1771 Nec
197 1714 284 1772 totus
298 1710 426 1787 viridis,
442 1711 524 1792 quia
537 1712 649 1776 lactea
662 1712 767 1777 frusta
780 1721 976 1797 repugnant,

104 1808 180 1874 Nec
196 1810 238 1873 de
252 1811 341 1874 lacte
355 1813 472 1888 nitens,
488 1814 568 1894 quia
581 1818 632 1877 tot
645 1815 792 1879 variatur
806 1817 848 1879 ab
863 1817 983 1881 herbis.
1148 1819 1214 1882 105

104 1912 204 1995 Saepe
218 1912 282 1974 viri
295 1932 390 1976 nares
406 1933 484 1977 acer
492 1915 657 1997 jaculatur
672 1923 804 1999 apertas

104 2012 262 2097 Spiritus,
278 2022 310 2078 et
324 2017 410 2079 simo
426 2015 561 2079 damnat
574 2035 637 2080 sua
650 2018 791 2101 prandia
805 2020 909 2084 vultu.

105 2113 206 2198 Saepe
220 2136 322 2180 manu
336 2135 466 2180 summa
478 2116 696 2200 lacrymantia
709 2119 832 2183 lumina
846 2119 963 2202 tergit3
1032 2143 1035 2150 ·

106 2215 340 2301 Immeritoque
354 2218 466 2283 furens
481 2217 565 2284 dicit
579 2221 733 2286 convicia
743 2221 848 2288 fumo.
1038 2207 1040 2210 ’
1162 2293 1164 2296 ,

105 2317 315 2385 Procedebat
327 2340 424 2403 opus.
469 2318 550 2383 Non
560 2320 634 2404 jam
648 2323 852 2401 salebrosos,
868 2329 1005 2402 utente,
1146 2326 1212 2391 110

105 2549 163 2608 6⁷8,
172 2548 217 2597 aed
229 2550 308 2598 ictum
318 2549 401 2597 multo
412 2549 629 2599 accommodatius
639 2550 665 2598 b.
678 2551 696 2599 Ι.
707 2565 763 2600 aare
774 2566 850 2601 nemo
859 2552 1047 2603 dubitet-9⁸.
1065 2553 1138 2600 Vett.
1150 2550 1211 2603 edd.

104 2612 275 2675 pertinaciter
302 2612 440 2661 exhibent:
475 2628 598 2663 numeroso
628 2615 723 2676 cortice,
753 2623 850 2692 praeter
878 2615 1015 2676 Norimb.;
1044 2614 1105 2665 ΑΜ.
1134 2629 1212 2676 vero:

104 2681 189 2726 mdccc
205 2677 291 2726 συνέξει
316 2685 344 2727 et
363 2685 438 2726 vetur
456 2678 586 2754 scripture
604 2678 674 2741 apud
692 2678 788 2743 Scahg.
805 2681 888 2729 nodoro
907 2695 1017 2744 corpore,·
1045 2680 1095 2729 Mo.
1112 2679 1212 2733 Koeler.

106 2747 134 2790 et
160 2713 305 2791 Helmstni.
338 2743 423 2790 nodoso
452 2746 548 2806 vertice,
571 2741 638 2806 quod
662 2743 688 2789 in
708 2743 768 2792 allia
793 2744 836 2792 vix
865 2743 959 2794 cadere
983 2742 1096 2792 videtur.
1129 2743 1213 2796 παίω

104 2806 190 2854 cortice
218 2805 335 2854 defendit
366 2805 481 2855 Gronov.
512 2814 603 2855 contra
626 2802 754 2856 croceum
779 2824 805 2871 p.
829 2812 959 2857 raa-or.
987 2812 1138 2870 contentaque
1159 2806 1214 2867 Nof

105 2869 254 2919 [ἰωὴ-95.
272 2871 346 2918 odiat
357 2877 423 2920 vett.
435 2869 505 2934 edd„
520 2870 567 2919 sed
578 2878 651 2921 recte
664 2870 759 2920 Aldina
775 2872 857 2921 obicit
891 2873 954 2921 Mor
972 2877 1091 2922 amotum
1104 2870 1213 2934 gro-ae

106 2933 199 2984 abac
209 2950 260 2983 uon
272 2935 334 2983 satis
343 2935 461 2998 expedio.
497 2934 556 2983 Non
569 2935 601 2985 de
611 2936 704 2998 bulbis,
714 2935 784 3001 quod
796 2938 891 3000 plante
904 2953 986 3000 genui
997 2945 1048 2999 eat,
1057 2936 1099 2985 bic
1110 2937 1210 3000 agitari

107 2997 223 3063 adeoque
234 3001 276 3047 hic
289 2999 381 3048 bolbna
390 3007 431 3049 ert
441 2999 494 3047 attii
506 3007 586 3063 caput
597 3000 712 3062 interior,
730 3001 899 3050 exterioribus
911 3000 1039 3065 pelliculis
1051 3001 1174 3050 nodatum
1184 3007 1213 3052 et

107 3063 304 3113 decorticatum.
338 3065 373 3111 Er
391 3078 440 3112 one
461 3063 578 3126 abjectae
595 3064 755 3114 membranas
773 3066 884 3126 gremino
905 3066 1038 3129 appellat?
1072 3067 1112 3113 An
1132 3065 1214 3115 voluit

106 3135 238 3178 amantem
247 3128 358 3189 germino
373 3079 475 3190 guttam,
493 3136 521 3177 ut
531 3131 639 3189 germino
649 3131 755 3179 nucleos
767 3130 809 3192 ait,
820 3131 865 3194 qui
875 3130 944 3179 idem
954 3131 1050 3179 semina
1062 3137 1089 3177 et
1099 3129 1215 3193 germina

106 3194 242 3243 continet?
269 3192 402 3241 Heinriom
422 3193 496 3241 rideo
515 3194 646 3256 conjicere
667 3194 793 3244 &motam
813 3197 1010 3244 atramina—97.
1032 3194 1139 3257 crpergit
1159 3193 1214 3245 Mc.

107 3258 203 3307 Koeler.
216 3266 243 3307 et
257 3257 469 3307 Hermunduri
479 3256 581 3307 Aldina.
615 3258 930 3309 succumberem
949 3259 1068 3321 adiicitur.
1102 3259 1154 3308 Pro
1174 3254 1214 3310 ric

106 3324 335 3371 eormmteoderuc
354 3322 478 3372 dicendus
499 3330 571 3380 erat:
590 3329 618 3374 ut
628 3325 731 3379 omnino
748 3341 787 3388 ea,
804 3340 862 3389 qnae
881 3327 934 3375 eale
947 3324 1110 3385 condiuntur,
1127 3339 1142 3373 a
1160 3338 1213 3375 m.

105 3387 221 3451 Scaliger
241 3387 360 3449 exemplo
381 3388 451 3436 vocis
467 3401 547 3436 verm
563 3387 689 3438 illustrat:
708 3405 766 3439 cum
787 3396 813 3437 et
828 3405 925 3453 corporo
944 3390 1158 3452 etsemetipsum
1176 3391 1214 3438 rol

108 3465 209 3515 quoque
227 3466 330 3500 vescum
349 3451 459 3501 dicatur.
491 3450 543 3501 Sed
555 3449 660 3514 sufficit,
680 3454 765 3517 poetic
786 3455 865 3502 licere
882 3456 998 3529 epitheta
1015 3469 1031 3500 a
1047 3454 1163 3516 passione
1179 3451 1213 3502 ed

106 3516 233 3565 actionem
248 3515 397 3564 transferre.
431 3517 514 3563 murto
525 3515 644 3564 Norimb.
657 3518 780 3577 circeum
798 3525 851 3566 tom
864 3532 935 3581 prior
947 3519 1067 3565 iliadioea
1077 3531 1123 3580 pro
1133 3519 1213 3568 dm

106 3584 180 3629 -oo,
197 3581 349 3644 caperiwit
369 3587 433 3629 vett.
453 3578 513 3628 edd.
534 3578 755 3631 Alcimum-1⁰7.
771 3583 953 3632 mamoaoelte
973 3582 1081 3629 beteret
1103 3583 1127 3630 io
1146 3585 1213 3630 vett.

108 3642 168 3696 cdd.
182 3644 214 3694 ad
226 3645 297 3708 Aru,
308 3652 337 3693 ut
349 3652 376 3693 et
389 3643 464 3707 paulo
475 3649 535 3692 ente
548 3658 573 3691 v.
586 3647 633 3693 1⁰4
644 3643 839 3703 tractre—110.
857 3645 909 3694 Nec
919 3650 996 3694 tama
1010 3645 1061 3693 Me.
1076 3644 1175 3694 Koeler.
1186 3648 1214 3692 et

609 3774 715 3824 NOTAE

140 3875 172 3921 96
191 3872 267 3923 Nunc
282 3873 314 3922 de
326 3871 449 3922 mortario
456 3871 554 3936 agitur:
572 3870 641 3936 quod
681 3870 726 3918 ille
737 3885 769 3919 ex
779 3871 839 3919 allio
851 3869 958 3919 diffusus
967 3870 1112 3932 vehemens,
1128 3866 1213 3932 oppii,

108 3961 166 3996 curn
194 3950 262 3998 mola
291 3948 409 4013 ruperim
441 3953 642 3996 commemorota
682 3954 711 3996 ut
723 3946 847 4011 Scaliger.
879 3946 1031 4007 Repetitum
1049 3952 1135 3993 tamen
1153 3959 1214 4010 copo

108 4024 175 4073 male
186 4026 345 4087 permiscent
357 4023 445 4087 intpp.
680 4022 783 4072 videtur
810 4022 940 4085 postulare
968 4021 1055 4085 prior:
1091 4022 1160 4086 qnod
1183 4032 1213 4076 ct

141 4104 189 4149 1⁰⁰
206 4101 289 4150 lbere.
324 4099 379 4150 Aut
391 4097 461 4148 sorno
474 4099 579 4163 exigui,
594 4105 640 4148 ent
682 4099 845 4150 Wermdorf.
855 4099 980 4165 requitur.

109 4174 167 4225 cilio
184 4176 361 4239 graveolenti:
380 4181 409 4225 ut
422 4173 506 4234 from
525 4173 559 4226 rit
578 4174 642 4226 odor
