2730 4686
606 310 693 386 1549

97 491 217 578 Itaque
229 493 343 559 mnlim
356 485 465 558 disere
479 488 610 556 describi
623 490 679 555 lroc
698 477 989 577 camine'primam
1000 494 1064 561 dici
1078 508 1198 582 portem

97 594 171 657 vira
189 592 320 658 rustice.
371 583 530 676 Suspicor
551 597 660 657 autem
681 601 739 659 aut
757 593 974 676 fragmentum
989 607 1052 661 n'os
1072 605 1200 667 tentum

96 693 218 758 habere
230 696 365 779 majoris
380 694 546 772 carminis,
563 703 631 785 quo'
646 700 750 758 totum
772 712 858 777 opus
884 695 1034 760 diurnum
1054 709 1200 782 expone-

98 794 212 874 batur}
235 814 314 860 nam
333 795 396 858 sub
410 793 434 858 f.
460 795 494 856 iu
508 814 620 876 agrum
636 794 678 858 ad
694 795 849 859 orandum
870 796 1020 879 procedit
1036 797 1199 884 Simulum

98 900 157 959 aut
184 895 386 960 successisse
414 895 512 979 plura
539 894 671 979 Idyllia,
695 907 773 978 quae
800 905 928 961 ceteras
950 901 1065 964 rustici
1088 885 1198 983 operis

98 999 210 1079 partes
224 1004 474 1081 exequerentur.
496 995 625 1061 Sufficit
639 996 794 1082 Idyllium
803 999 867 1063 hoc
878 1019 952 1062 esse
966 1020 1010 1064 ex
1024 1000 1199 1083 elegantis·

99 1097 203 1177 simis,
215 1099 304 1182 quod
316 1099 435 1182 maj0ri
449 1100 638 1180 eclogarum
647 1097 903 1181 Virgiliauarum
914 1102 999 1184 parti
1011 1103 1198 1186 praeferam,

97 1196 269 1279 inquibus
294 1201 463 1265 sententiae
488 1218 532 1262 ex
556 1198 733 1263 Tbeocrito
758 1206 913 1265 mutuatae
934 1209 1198 1270 annumerantur.

99 1297 177 1362 Nisi
191 1300 274 1365 sorte
287 1302 385 1384 hujus
400 1299 558 1384 po'ematii
574 1307 689 1364 auctor
708 1308 742 1365 ct
761 1303 834 1384 ipse
847 1322 866 1365 e
881 1301 1012 1367 Graecis
1027 1324 1090 1368 sua
1101 1325 1199 1371 acce·
1255 1314 1260 1320 ’

97 1399 158 1481 pit.
203 1399 300 1466 Certe
324 1401 467 1466 Vossius
489 1403 524 1465 in
546 1400 604 1464 lib.
628 1400 669 1463 de
688 1400 798 1484 politis
817 1400 878 1465 Gr.
903 1401 1060 1485 prodidit,
1074 1405 1109 1466 in
1122 1406 1198 1472 cod.

97 1496 253 1567 Ambros.
279 1502 411 1568 Moreto
432 1502 565 1586 Virgilii
586 1519 661 1565 esse
686 1497 833 1586 ascripta
855 1503 975 1567 rerba:
1011 1500 1200 1572 Parthenius

99 1596 258 1665 Meritum
273 1605 393 1688 scripsit
408 1605 441 1667 in
455 1594 578 1681 Gracc,
594 1624 682 1688 quem
701 1599 852 1688 Virgilius
863 1603 1003 1668 imitatus
1018 1615 1073 1684 eci.
1111 1606 1199 1686 Quae

97 1723 151 1768 res
164 1725 230 1769 non
244 1706 327 1772 adeo
341 1706 572 1791 improbabilis
595 1705 698 1769 videri
719 1705 827 1782 debet,
851 1725 926 1769 cum
947 1707 1059 1790 poetes
1075 1715 1152 1773 ente
1165 1715 1200 1775 et

98 1807 161 1868 sub
175 1804 347 1889 Augusteo
372 1807 497 1872 saeculo
521 1809 556 1870 in
581 1805 713 1870 Graecis
727 1806 890 1870 vertendis
912 1812 1039 1871 tanum
1056 1809 1200 1874 studium

98 1910 346 1972 consumserint.
392 1905 494 1985 Quod
508 1908 537 1970 si
550 1909 662 1990 itaque
677 1925 698 1970 a
713 1905 913 1971 Mureniana
927 1909 1083 1985 oratione,
1099 1929 1200 1992 quam

98 2005 134 2069 in
149 2007 322 2073 Bucolicis
336 2016 497 2084 tenemus,
514 2009 623 2072 aliena
644 2013 695 2073 est
718 2007 845 2071 indoles
865 2006 997 2086 Moreti,
1011 2008 1075 2073 hoc
1088 2030 1148 2093 per
1161 2029 1200 2075 se

96 2111 302 2175 mirationem
317 2131 382 2177 non
396 2111 489 2189 facit,
504 2111 533 2174 si
547 2110 678 2193 quidem
693 2129 738 2173 ex
752 2107 875 2173 Graeco
892 2114 1021 2174 tantum
1035 2130 1199 2178 conversa
1274 2174 1277 2182 .

96 2212 169 2278 haec
183 2220 269 2279 sunt.
325 2213 486 2278 Versatur
508 2217 617 2277 autem
644 2210 747 2296 poeta
775 2211 811 2273 in
837 2231 879 2275 eo
901 2209 1052 2294 poitices
1071 2233 1198 2297 genere,

97 2314 200 2397 quod,
215 2316 314 2380 rebus
329 2335 348 2379 e
361 2317 433 2379 vita
445 2314 559 2378 humili
569 2321 602 2378 et
612 2313 745 2378 sordide
757 2313 882 2396 petitis,
894 2311 938 2376 ad
949 2314 1075 2378 animos
1084 2321 1198 2381 tenen-

97 2414 159 2480 dos
181 2417 327 2480 omnium
350 2417 484 2480 minime
508 2415 795 2480 accommodatum
818 2433 904 2491 esse,
924 2415 1018 2480 multi
1032 2416 1095 2478 viri
1109 2415 1200 2490 docti

98 2518 344 2583 contenderunt.
387 2515 458 2580 Alii
471 2516 536 2580 lroc
550 2517 625 2598 ipso
639 2533 676 2577 se
690 2532 806 2596 genere
825 2513 924 2577 facile
939 2513 1112 2577 Homerici
1127 2518 1199 2580 cur'·

96 2619 197 2683 minis
210 2619 327 2684 laudes
341 2621 499 2699 attingere
512 2634 614 2699 posse
627 2621 794 2698 poterunt.
832 2613 930 2678 Prius
943 2613 1024 2676 illud
1034 2613 1198 2696 judicium
1237 2630 1239 2634 ·

96 2725 186 2804 recte
201 2739 238 2783 se
250 2720 372 2785 habere
385 2719 495 2782 nullus
521 2715 648 2793 dubito,
669 2716 699 2779 si
721 2717 754 2779 in
779 2716 859 2779 orbe
881 2733 987 2777 rerum
999 2714 1127 2794 vulgari
1141 2722 1200 2782 aut

96 2819 132 2881 in
146 2821 301 2885 sordibus
324 2822 417 2897 vitae,
442 2819 549 2901 iisque
573 2817 683 2893 rebus,
699 2835 837 2900 quarum
863 2819 1018 2898 aspectus
1039 2833 1199 2879 nauseam

97 2919 190 2998 iacit,
204 2920 386 3004 descriptio
399 2926 567 2998 versetur;
600 2923 658 2982 aut
669 2919 699 2982 si
713 2917 944 3001 expectatione
963 2916 1046 3000 ejus,
1061 2916 1199 2996 quidex

97 3021 268 3103 sigillatim
296 3023 474 3106 descriptis
502 3021 602 3084 rebus
632 3026 866 3103 proventurum
894 3018 950 3095 sit,
980 3018 1108 3080 animus
1134 3037 1200 3082 non

96 3123 250 3205 erigatur,
278 3128 335 3188 aut
360 3124 389 3186 si
414 3123 545 3186 omnino
571 3128 642 3186 ure
663 3128 698 3187 et
720 3120 851 3204 ingenio
875 3124 998 3183 careat.
1054 3116 1201 3191 Possunt

96 3227 206 3288 nmen
232 3244 288 3289 ex.
301 3244 343 3288 ea
365 3243 496 3308 quoque
520 3225 602 3301 vita,
627 3243 727 3306 quam
748 3222 858 3288 lubitu
881 3240 943 3285 suo
966 3239 1066 3284 nemo
1087 3219 1200 3287 vivere

95 3327 202 3404 malit,
229 3345 305 3389 cum
328 3325 463 3403 dilectu,
488 3326 626 3389 remotis
652 3326 815 3390 molestiis
844 3332 877 3387 et
905 3323 1071 3400 sordibus,
1097 3323 1201 3388 multa

96 3424 230 3508 poetice
250 3426 345 3490 reddi
360 3432 393 3489 et
407 3426 528 3501 ornari,
544 3430 581 3487 ut
595 3425 769 3506 placeant;
790 3422 892 3488 modo
914 3443 956 3486 ne
980 3423 1037 3486 teli
1062 3423 1201 3488 carmini
1250 3496 1254 3502 ,

98 3527 168 3591 vim
181 3547 223 3592 ac
237 3528 432 3610 dignitatem
450 3525 605 3588 carminis
619 3527 706 3607 epici
720 3526 863 3589 tribuere
878 3524 980 3601 ensis,
996 3543 1017 3586 a
1031 3543 1098 3605 qua
1116 3523 1200 3588 illud

98 3625 293 3710 longissime
319 3630 435 3692 abesse
458 3643 595 3688 necesse
608 3630 670 3689 est.
714 3623 931 3687 statuendum
951 3629 1003 3684 est
1024 3623 1065 3684 de
1081 3624 1201 3703 quovis

95 3730 244 3795 carmine
258 3750 302 3793 ex
317 3730 389 3814 ejus
403 3745 517 3810 genere
539 3726 732 3809 generisque
747 3727 912 3787 naturast
926 3721 1053 3800 indole;
1075 3726 1201 3803 potest·

100 3849 177 3913 que,
191 3836 284 3895 recto
299 3849 375 3893 cum
395 3827 535 3911 judicio,
549 3845 594 3889 ex
608 3826 697 3889 omni
720 3842 836 3907 genere
856 3822 981 3885 iructus
1002 3820 1122 3903 aliquis
1139 3839 1202 3887 seu

100 3928 223 4013 ingenii
236 3935 270 3994 et
284 3931 361 3994 artis
376 3946 436 3991 seu
449 3927 594 3989 honestae
609 3926 794 4009 voluptatis
807 3925 888 4008 peti.
913 3921 1056 4004 Virgilio
1070 3939 1202 3987 carmen

99 4030 163 4095 hoc
186 4031 343 4096 tributum
367 4048 441 4093 esse
461 4028 534 4111 jam
558 4029 748 4112 antiquitus,
771 4045 879 4091 exeo
903 4031 1043 4103 constet,
1056 4021 1146 4107 quod
1164 4021 1202 4091 ia

100 4130 184 4217 Vita
197 4132 329 4218 Virgilii
352 4129 434 4198 illud
457 4135 747 4196 commemoratu:
776 4128 851 4208 etsi,
875 4147 951 4205 cum
972 4131 1022 4193 tot
1039 4123 1201 4208 seriorum
