2730 4686
652 260 740 329 ales

140 426 303 508 spectare,
315 431 350 491 et
361 422 397 488 in
414 418 533 512 Scylla,
551 444 626 492 esse
640 427 675 490 in
687 426 765 491 loco
776 426 818 490 da
838 423 964 513 Scylla.
1010 423 1138 507 Quidl-
1151 425 1245 514 qaod·

139 544 202 590 nec
215 545 239 590 a
261 526 532 608 Pseudodonato,
558 530 616 612 qui
640 530 771 612 reliqua
791 532 938 595 carmina
951 528 1096 611 Virgilio
1121 532 1243 602 tributa

138 634 295 704 recenset,
309 649 383 708 nec,
397 640 558 714 quantum
572 633 717 708 memini,
738 633 781 695 ab
796 633 864 696 alio
878 639 987 697 vetere
1001 630 1240 715 Grammatico,

138 728 285 792 insimili
299 731 460 809 instituto,
477 731 565 796 Ciris
579 734 704 797 mentio
717 733 765 797 fit.
811 733 944 798 indocti
967 735 1054 797 enim
1073 737 1240 816 monachi,
1354 786 1357 792 -

139 828 309 894 Servianis
323 832 358 895 in
371 832 549 897 AEneidem
564 836 806 900 commentariis
821 837 854 899 in
867 835 972 898 fronte
987 841 1132 911 assutus,
1156 853 1240 919 pan-

137 948 210 1006 nus,
233 933 269 995 iu
288 952 355 1017 quo
380 933 466 998 adeo
486 934 600 999 (lirina
618 937 792 1015 scribitur,¹
806 936 979 1000 memorari
1002 934 1161 999 adversus
1186 957 1241 1004 rne
1313 1013 1315 1023 γ

137 1031 197 1093 vix
211 1037 334 1114 potest.
379 1031 480 1112 Quod
497 1041 605 1100 autom
625 1036 787 1120 poematii
807 1036 1036 1119 praestantiam
1059 1036 1145 1101 adeo
1165 1054 1240 1104 ver·

137 1131 191 1195 bis
220 1140 348 1213 emant,
372 1143 411 1200 ut
433 1136 585 1218 Scaliger
611 1137 647 1201 id
671 1137 752 1202 nulli
780 1138 971 1202 Latinomm
995 1155 1102 1221 neque
1131 1141 1239 1206 nitore
1316 1209 1319 1219 y

136 1252 242 1316 neque
256 1236 421 1317 elegantia
434 1236 551 1302 cedere
565 1239 669 1316 dicat,
679 1240 833 1305 Barthius
848 1259 927 1304 vero
940 1239 1242 1307 luculentissimam*

137 1336 218 1400 inter
238 1340 351 1404 omnia
368 1341 507 1423 antiqua
531 1340 703 1425 poematia
724 1343 882 1425 appellet,
905 1343 940 1405 in
963 1357 1003 1405 eo
1025 1342 1169 1406 studium
1189 1344 1264 1410 vi»

135 1453 243 1501 romm
256 1439 427 1504 doctorum
441 1442 550 1520 video,
570 1442 693 1526 judicii
714 1445 928 1508 subtilitatem
949 1443 1111 1509 desidero.
1157 1443 1238 1512 Non

136 1541 222 1603 enim
244 1542 328 1606 satis
351 1543 625 1609 circumscribunt
647 1542 921 1628 praedicationem
943 1564 1049 1622 suam,
1077 1547 1239 1631 adeoque,

136 1642 214 1706 dum
233 1643 319 1707 ultra
338 1646 494 1709 terminos
510 1651 699 1728 evagantur,
724 1667 766 1710 ne
779 1647 815 1710 id
827 1646 961 1729 quidem
976 1648 1133 1725 obtinent,
1149 1649 1241 1733 quod

136 1745 168 1806 in
181 1743 292 1808 medio
305 1746 454 1828 positum
468 1753 547 1825 erat,
563 1747 718 1830 quodque
731 1753 820 1810 recte
836 1765 873 1809 se
886 1745 1042 1810 habebat.
1088 1747 1190 1824 Quod
1204 1753 1240 1816 in

136 1846 280 1909 carmine
296 1847 361 1912 hoc
381 1853 556 1931 tantopere
572 1848 727 1912 admirati
751 1852 828 1911 sunt
849 1849 912 1911 viri
927 1847 1030 1921 docti,
1055 1850 1084 1910 si
1099 1851 1242 1934 propius

135 1946 303 2027 intuearis
325 1948 406 2013 nihil
421 1950 513 2014 aliud
525 1950 599 2028 suit,
623 1969 725 2032 quam
741 1950 901 2014 orationis
916 1948 951 2011 in
970 1949 1139 2031 plerisque
1152 1951 1240 2016 loeis

135 2047 280 2130 dignitas
294 2070 434 2130 summa,
451 2060 585 2118 omatus
598 2052 794 2136 praeclanrs,
809 2048 965 2134 splendor
980 2068 1134 2133 quoque3
1167 2059 1239 2118 tum

133 2169 337 2216 numerorum
351 2155 573 2220 concinnitas.
619 2155 709 2219 Haec
723 2160 812 2231 sunt,
839 2173 915 2236 quae
929 2152 1012 2214 viris
1027 2151 1137 2217 doctis
1151 2155 1240 2220 adet)

132 2270 169 2314 se
182 2255 382 2337 probarunt3
405 2256 477 2333 sed,
501 2276 544 2320 an
557 2256 632 2322 haec
647 2258 706 2322 illa
716 2257 799 2333 sint,
815 2256 939 2339 quibus
951 2252 1098 2336 poetice
1113 2256 1243 2324 laureo

134 2353 236 2419 decus
250 2360 363 2439 parari
377 2359 498 2441 possit,
510 2358 690 2422 admodum
702 2358 830 2422 dubito.

173 2454 317 2522 Omnino
331 2460 375 2522 ab
389 2460 514 2523 inventi
528 2459 700 2538 felicitate,
725 2479 801 2541 quae
816 2465 926 2523 tamen
939 2477 994 2521 res
1007 2477 1074 2522 una
1089 2459 1236 2524 omnium

131 2559 276 2621 maxime
298 2557 408 2642 poetae
431 2578 552 2623 nomen
572 2565 606 2623 et
627 2559 760 2624 laudem
782 2561 942 2635 continet,
967 2560 1124 2622 carminis
1139 2559 1238 2642 hujus

131 2658 205 2721 laus
218 2679 340 2741 magna
352 2660 413 2723 vix
428 2660 497 2742 peti
512 2664 642 2742 potest:
665 2660 713 2723 uti
728 2679 790 2722 nec
805 2660 961 2722 tractatio
976 2665 1044 2721 arte
1059 2659 1172 2740 aliqua
1185 2660 1242 2724 in·

132 2760 274 2841 signiore
289 2780 325 2823 se
339 2760 563 2839 commendat,
585 2762 650 2824 nisi
661 2761 696 2823 in
710 2760 794 2824 locis
809 2759 1032 2840 singularibus
1047 2760 1156 2841 iisque
1169 2759 1237 2825 iere

133 2859 176 2922 ad
200 2880 408 2925 communem
431 2859 607 2945 poetarum
629 2862 740 2926 orbem
764 2861 1009 2944 spectantibus:
1047 2857 1239 2943 cujusmodi

133 2966 184 3024 est
218 2963 355 3026 nutricis
391 2981 493 3045 opera
523 2963 558 3025 in
587 2962 724 3045 virginis
752 2962 867 3026 dolore
895 2960 1084 3037 allevando,
1114 2959 1237 3043 puellae

129 3063 258 3129 miserae
274 3065 431 3147 querelae,
446 3071 479 3128 et
495 3066 543 3127 sic
559 3065 636 3129 alia.
682 3063 806 3130 Contra
828 3068 907 3128 sunt
925 3062 994 3127 alia
1007 3059 1141 3145 poetica
1159 3080 1238 3127 nar·

131 3166 256 3230 ratione
271 3167 332 3230 vix
347 3166 666 3250 comprehendenda,
690 3166 841 3250 adeoque
859 3184 881 3228 a
896 3164 998 3248 poeta
1010 3161 1236 3247 relinquenda,

132 3267 213 3348 quia
232 3267 276 3331 ad
297 3267 483 3350 pedestrem
507 3269 691 3333 orationem
713 3269 871 3352 proniora
892 3272 1004 3329 erant:
1028 3270 1065 3328 ut
1084 3264 1178 3328 locus
1191 3262 1240 3330 de

131 3367 269 3432 diversis
296 3388 395 3451 super
423 3367 538 3451 Scylla
566 3370 779 3452 opinionibus
807 3388 840 3432 v.
868 3368 913 3432 63
941 3366 1117 3450 sqq-90,
1147 3365 1236 3433 alim
1285 3429 1291 3435 .

130 3488 229 3554 super
250 3471 374 3536 fabulae
400 3472 433 3534 in
459 3471 652 3534 Britomarti
672 3473 830 3535 varietate
853 3469 920 3534 303
952 3488 1026 3551 sqq.
1084 3467 1172 3531 Haec
1201 3473 1237 3561 et

130 3570 254 3635 similia
275 3592 351 3636 cum
373 3577 515 3636 tractata
537 3571 698 3635 nitescere
721 3575 896 3653 nequeant,
919 3570 1026 3633 benus
1049 3566 1234 3651 poetarum

128 3669 229 3735 facile
242 3674 388 3756 attinget.
432 3670 513 3736 Alia
527 3671 572 3736 ad
585 3670 784 3735 rhetoricam
803 3669 943 3744 διινότητα
956 3671 1084 3751 egregie
1100 3683 1235 3731 accona-
1357 3723 1359 3727 .

128 3770 265 3839 modata
279 3779 366 3849 sunt,
382 3775 467 3837 utin
482 3773 626 3856 querelis
640 3773 781 3857 puellae:
816 3777 860 3848 et,
875 3771 905 3836 si
920 3768 1078 3853 quidest,
1093 3783 1160 3849 quo
1174 3763 1233 3832 ad·

629 3984 737 4038 NOTAE

206 4120 215 4148 ¹
233 4119 277 4170 lta
286 4119 366 4172 etiarn
377 4117 403 4169 in
415 4105 466 4171 ni.
479 4115 626 4169 Helmstad.
638 4119 840 4169 exaratumarat
850 4114 989 4180 naneae,
997 4127 1058 4180 non,
1067 4113 1145 4166 Ciris.
