2730 4686
597 344 740 394 colax.

112 479 270 553 infandas
283 488 444 553 scelerata
455 508 572 552 manus
587 509 606 552 e
620 489 714 554 credo
729 493 880 553 cruenta:
954 496 955 503 ’

113 589 200 667 Qnae
215 590 333 672 gelidis
347 589 510 654 bacchata
518 589 608 673 jugis
621 590 788 673 requievit
801 592 834 653 in
850 591 954 653 antro.

112 692 285 755 Posterius
298 710 432 774 poenam
444 693 515 756 nati
529 711 565 755 se
578 697 683 757 morte
697 692 852 756 futuram.
894 675 898 685 ¹

113 792 183 856 Hic
196 794 296 856 etiarn
309 793 407 856 viridi
419 792 569 857 ludentes
582 793 694 857 Panes
708 795 741 856 in
751 793 863 868 herba,

112 892 155 957 Et
169 893 280 976 Satyri
296 894 515 979 Dryadesque
530 895 648 961 choros
662 915 755 977 egere
769 896 889 980 puellae
1149 896 1213 961 115

111 991 282 1079 Naiadum
295 1001 398 1059 coetn.
441 994 586 1059 Tantum
598 1016 666 1060 non
681 996 833 1079 Orpheus
849 996 1001 1060 Hebrum

111 1093 304 1160 Beatantem
318 1097 422 1159 tenuit
432 1098 516 1180 ripis
530 1099 711 1182 sylvasque
726 1098 887 1176 canendo,

112 1192 281 1272 Quantum
295 1202 339 1275 tc,
355 1197 482 1276 Percu,
494 1205 708 1263 remorantem
720 1199 778 1263 dia
791 1199 922 1277 chorea,

572 1362 703 1381 ΟΝΜΙΝΙ
707 1362 749 1381 ΗΟ

111 1442 242 1494 interemti
258 1450 375 1496 materna
391 1461 467 1496 manu
485 1439 538 1497 nati
556 1447 683 1496 dionem
698 1461 766 1495 nera
782 1446 902 1495 Bacchica
911 1444 1001 1511 Agave
1014 1445 1165 1508 Nyctelium
1175 1443 1214 1496 fn·

129 1507 135 1518 a

48 1518 61 1568 ’,
105 1521 183 1620 fam·
194 1509 220 1557 in
231 1509 397 1560 solitudinem
407 1511 524 1574 secessit,
535 1518 564 1560 nt
580 1512 684 1560 moerori
698 1511 851 1573 indulgeret.
879 1509 988 1569 frumeta
998 1510 1134 1574 Nyctelium
1142 1511 1212 1574 conj.

137 1572 292 1624 eina-111.
308 1577 435 1625 asedec.
448 1580 512 1636 vert.
523 1574 583 1625 edd.
601 1582 630 1624 et
644 1574 731 1637 codd,
741 1574 814 1638 quasi
831 1580 938 1624 erraret
955 1579 1053 1623 maenio
1068 1575 1214 1625 excusa-

112 1639 168 1686 ua.
186 1635 275 1699 Qasr.
287 1652 337 1688 enr.
351 1639 442 1688 Heius.
476 1638 583 1703 Ogygiis
596 1637 619 1688 i.
636 1638 655 1690 i.
670 1637 1059 1699 Jo.Schrader.,docte.-11s.
1076 1637 1211 1688 Verrucio

110 1698 168 1749 edd
180 1698 283 1753 Fabric.
293 1701 331 1751 ric
342 1709 384 1752 est
395 1701 562 1752 emendatus:
576 1703 876 1766 Posteriaapoeaaragaati
885 1704 916 1752 de
926 1707 1000 1751 arom
1010 1704 1104 1751 datura
1121 1702 1213 1755 lisine.

111 1763 178 1827 conj.
195 1764 255 1815 Pori
265 1767 342 1816 uerita
358 1771 383 1815 ri
485 1767 657 1816 miscueris
666 1769 786 1816 maram.
818 1767 871 1817 Sed
883 1773 965 1816 totum
977 1779 1212 1816 rersnmnnacunr

110 1829 279 1879 anteoedente
298 1830 394 1894 ejicien
414 1846 454 1879 arn
471 1832 586 1880 arbitror
605 1839 727 1896 tanquam
742 1831 944 1894 supposititium.
977 1830 1009 1879 Iu
1029 1830 1080 1879 Ms.
1097 1829 1212 1880 llelmst.

107 1891 243 1955 subjectus
260 1901 317 1945 erat
333 1895 418 1945 versui
436 1899 583 1945 lto-llo.
600 1901 672 1944 catu
683 1896 779 1958 vnlgg„
789 1895 917 1944 nonnullae
927 1894 1004 1943 etiam
1016 1891 1077 1942 Ald.
1089 1908 1147 1942 curn
1159 1893 1212 1946 Ma.

108 1954 254 2008 Helmstad.
288 1957 459 2010 Putofuiase:
477 1959 723 2009 Naiadametcoetas.
758 1959 824 2008 Nam
842 1959 918 2022 paulo
935 1957 1023 2005 durius
1038 1973 1091 2006 cam
1106 1957 1211 2022 supple·
1282 2017 1283 2020 Ἴ

109 2025 160 2068 tnr.
193 2021 302 2072 barrida
312 2037 361 2087 pro
373 2023 483 2086 Orpbeus
492 2023 588 2073 Aldina
598 2032 625 2073 et
636 2023 696 2072 edd.
709 2023 812 2073 Fabric.
824 2037 882 2072 cam
894 2023 946 2072 Me.
955 2023 1067 2077 Helmst.
1079 2028 1107 2071 et
1118 2021 1211 2073 Petav.

109 2097 166 2134 cnm
175 2085 250 2136 Voss.
284 2087 375 2137 Heius.
386 2088 455 2150 conj.
467 2089 522 2138 Noa
533 2092 626 2137 tantm
637 2087 756 2150 OEagriar
769 2088 805 2137 H.
823 2089 872 2146 vel,
887 2091 980 2136 tostam
990 2085 1053 2134 brad
1064 2086 1213 2151 Rhodopeius

110 2146 145 2196 Η.
172 2148 342 2214 ldemjungit
353 2151 476 2201 Noiodam
491 2157 551 2201 orata
565 2168 613 2201 sos
628 2156 701 2202 tosto
734 2153 802 2202 Sane
815 2152 921 2215 Orpbeus
933 2149 1095 2214 trisyllabum
1106 2164 1172 2214 esse,
1181 2160 1212 2203 ut

99 2211 236 2275 ,Perticae
245 2222 273 2265 et
281 2214 309 2264 in
319 2216 461 2266 catalectis
472 2215 543 2266 Pitlr.
556 2231 581 2278 p.
592 2221 622 2266 at
638 2217 751 2266 nesera-
768 2231 856 2265 rernm
866 2215 976 2279 Virgilio
987 2215 1031 2263 vix
1041 2215 1144 2265 licuisse
1154 2229 1211 2266 esse

109 2281 161 2326 tam
172 2278 274 2330 audaci.
300 2280 532 2343 ιίὶταηιεωωιεω
541 2281 584 2332 Jo.
595 2280 730 2330 Schrader.
740 2285 880 2331 em.-llt.
891 2280 950 2328 risis
961 2281 1012 2329 Ma.
1024 2279 1143 2330 contian.
1153 2293 1213 2343 per-

109 2343 350 2470 ppltpnatpariatione:
368 2343 533 2457 undeeditpmen
543 2345 612 2395 Srali
631 2360 660 2394 er
676 2346 793 2458 mm
810 2344 1111 2457 piofflr‘rmnawo.
1145 2343 1211 2393 illibi

108 2421 122 2453 a
229 2422 331 2458 snarror
367 2421 412 2457 roc
475 2425 481 2457 r
500 2424 545 2458 aaa
647 2425 705 2457 aar
824 2424 855 2457 aa
934 2423 978 2456 ess
1085 2422 1132 2466 ara,

107 2474 234 2522 reamissa
243 2422 366 2537 (carauni,
368 2472 437 2521 intra
452 2472 521 2536 ripas
532 2473 721 2535 sustinentem),
736 2473 869 2535 sylvasque:
884 2472 910 2520 b.
929 2471 1072 2519 delectavit
1089 2422 1211 2521 Hem

108 2534 161 2597 syla
210 2550 251 2586 ne.
273 2536 330 2586 Etsi
341 2542 412 2586 totas
421 2536 463 2586 bic
475 2538 590 2597 locus,et
602 2537 677 2601 isqui
688 2537 814 2600 seqnitur,
825 2551 858 2584 ex
868 2535 996 2583 rariorum
1007 2534 1211 2585 versificatorem

108 2600 227 2662 symbois
242 2600 367 2650 coaluisse
383 2600 468 2650 rideri
486 2599 665 2650 debeo-118.
684 2599 735 2648 llic
755 2614 844 2648 versus
859 2599 1049 2648 contaminatus
1066 2599 1093 2660 (a
1111 2595 1211 2656 limais

107 2672 174 2714 esset
185 2663 289 2725 liveri),
301 2664 368 2728 qnod
384 2673 412 2713 et
430 2664 496 2714 vidit
514 2664 619 2726 elegans
638 2664 780 2712 carminum
794 2663 878 2725 judex
894 2662 938 2711 Jo.
948 2661 1106 2711 Schraderrrs
1117 2662 1211 2712 limen·

107 2726 173 2778 dart.
190 2727 270 2778 Praei.
282 2743 341 2794 pag.
353 2741 413 2778 xxi.
425 2741 496 2778 xxrr.
524 2725 594 2775 conf.
603 2727 635 2775 ad
645 2727 694 2777 Ge.
704 2741 744 2788 rr,
753 2732 809 2776 855.
827 2725 950 2795 'Atvidem
960 2726 1000 2773 bic
1012 2740 1101 2774 versus
1111 2724 1210 2776 alienus

107 2806 210 2854 prorsus
221 2800 262 2843 eat
272 2808 288 2841 a
298 2798 353 2843 tota
363 2792 503 2842 sententia.
537 2791 565 2840 Si
575 2791 602 2838 in
613 2790 716 2840 Boeotis
733 2806 773 2839 res
790 2791 897 2853 geritur,
908 2803 958 2837 non
970 2790 1071 2837 Peneus
1083 2789 1210 2840 delectari

107 2857 191 2918 potnit
202 2857 492 2920 olroreaNyrnpbamrn.
518 2855 562 2905 Sin
575 2855 601 2903 in
610 2855 765 2904 Tlressalianr
778 2854 880 2918 rejicies
891 2853 1010 2902 carminis
1022 2859 1211 2918 argumentosa,

106 2919 259 2974 alienarunt
269 2937 328 2987 qnae
344 2937 370 2971 r.
383 2925 432 2970 luti
443 2935 500 2985 sqq.
512 2920 545 2969 de
555 2918 644 2982 Arare
657 2926 803 2981 armantur,
814 2919 914 2968 etiamsi
925 2932 983 2968 cum
994 2917 1060 2968 Jano
1073 2917 1210 2969 Parrhasio

107 2982 133 3033 in
144 2985 266 3039 Quaesitis
277 3000 325 3048 per
335 2984 420 3049 Epist.
432 3000 491 3048 pag.
502 2989 533 3033 ol
546 2984 642 3033 Lucani
654 2985 739 3033 locum
750 2983 807 3046 (lib.
819 2997 857 3044 vr,
867 2981 1008 3041 iao—859)
1019 2982 1068 3030 lruc
1080 2982 1208 3032 advoces:

105 3061 163 3098 narn
182 3064 216 3099 ex
233 3065 264 3099 co
286 3049 347 3098 nibil
368 3049 489 3098 constitui
507 3055 601 3111 potest,
619 3063 678 3097 cum
701 3049 780 3110 po'eta
800 3049 854 3110 ipse
875 3060 964 3110 parum
983 3046 1062 3095 docte
1081 3048 1210 3108 loquatur.

105 3111 207 3163 Afferre
215 3114 292 3163 voluit
304 3112 456 3163 medicinam
468 3114 527 3162 hnic
537 3112 622 3161 verstri
632 3113 756 3176 Scaliger.
775 3111 909 3176 Apponam
920 3110 1014 3159 rerba:
1026 3112 1043 3137 ‘⁴
1053 3111 1120 3161 Quia
1131 3111 1210 3174 paulo

105 3305 145 3354 tlia
161 3305 272 3356 dona!
304 3257 396 3354 Alliam
415 3275 502 3354 versus
519 3257 593 3367 patilo
613 3257 701 3355 (ἕπετο.
719 3279 852 3368 pdssumna
869 3276 1007 3362 medicina,
1017 3275 1076 3353 riam
1094 3304 1209 3369 suppleri

105 3374 193 3431 potest
209 3384 242 3417 ex
261 3384 318 3432 snp.
338 3370 415 3418 ieasii
432 3374 456 3418 ie
475 3378 656 3418 remorantem.
688 3372 841 3433 suspiratur
860 3377 947 3419 autern
965 3369 1142 3431 srrgacissimna
1161 3369 1210 3433 alr,

104 3441 237 3485 auctorem
247 3434 367 3483 carminis
379 3433 502 3481 institisse
515 3433 627 3493 vestigiis
639 3434 734 3483 Catulli
744 3435 769 3482 in
782 3433 855 3482 Pelei
867 3439 895 3482 et
905 3433 1024 3481 'lbetidis
1037 3433 1133 3495 nuptiis
1143 3434 1207 3495 (ras.

105 3497 258 3558 'db-²9³).
291 3499 435 3548 'l'amenne
454 3495 613 3559 sicquidem
633 3511 720 3545 versus
732 3506 783 3545 tres
795 3504 931 3557 seqnentes
944 3497 1103 3545 commodam
1116 3496 1209 3546 oralio-
1301 3506 1305 3513 ‘

105 3560 323 3612 aemaub'icinnt.
359 3562 480 3616 Quartum
497 3565 530 3618 te,
548 3560 664 3620 Pmtbea,
682 3561 750 3623 conj.
772 3561 871 3622 Heius,
887 3561 956 3609 nullo
968 3575 1025 3608 cunr
1044 3559 1142 3609 fructu.
1176 3560 1208 3609 ln

106 3633 170 3677 vett.
182 3625 215 3675 ed
234 3639 302 3691 .pro
317 3627 358 3674 dia
375 3626 478 3674 invenio
495 3625 561 3674 Dira
579 3631 606 3672 et
627 3624 699 3684 Dice,
711 3625 736 3671 in
749 3625 804 3672 aliis
822 3624 920 3685 cborcoe,
938 3631 966 3673 ct
985 3624 1010 3671 in
1029 3625 1142 3685 margine
1158 3637 1206 3686 pro

104 3691 193 3754 Perea,
208 3695 300 3756 purior,
317 3705 351 3739 err
369 3690 419 3738 riri
436 3688 570 3753 cujusdam
588 3688 661 3737 docti
679 3687 868 3748 emendatione,
879 3694 958 3750 puto.
991 3687 1075 3736 Etiam
1086 3694 1207 3750 perapro

600 3803 705 3854 NOTAE

136 3907 183 3952 na
198 3917 272 3966 seqq.
298 3902 399 3952 Iternm
424 3901 569 3950 lnanriatnr
589 3915 633 3950 seu
675 3902 750 3950 Lect.
776 3897 924 3961 Comparari
936 3900 1023 3959 potest
1033 3896 1122 3944 similis
1131 3895 1205 3945 arbo·

104 3981 188 4042 posta
198 3995 242 4029 sen
254 3980 448 4042 interpolatoris
464 3980 592 4042 ingenium
608 3979 634 4027 in
675 3991 731 4025 rnrn
753 3973 912 4024 enumeratio
930 3989 971 4035 ap.
993 3971 1071 4020 Orid.
1089 3974 1158 4023 Met.
1175 3985 1205 4036 x,

104 4056 274 4107 describendo
285 4059 344 4105 luco
355 4066 381 4105 et
393 4064 477 4114 antro,
486 4070 535 4118 qno
548 4063 634 4114 pastor
674 4057 706 4102 86
720 4069 758 4113 sq.
773 4051 798 4098 in
810 4060 888 4099 rantn
901 4049 1016 4112 Orphei:
1033 4065 1109 4114 quem
1120 4049 1204 4101 locum

104 4131 228 4181 consedit.
263 4131 633 4193 Aliaaliorumpoiitarnmln-
673 4139 764 4177 auctor
775 4129 850 4192 liujus
862 4127 1022 4176 emblematis
1039 4133 1100 4177 ante
1115 4127 1204 4178 oculos

103 4206 171 4255 sibus
187 4216 281 4258 amum.
314 4209 357 4258 De
374 4208 481 4272 singuiis
500 4207 553 4257 rid.
569 4207 631 4256 Var.
673 4203 991 4267 babuisserideripoteat.

167 4287 285 4352 »ripae
299 4288 353 4338 Ver.
367 4285 430 4339 Cios.
612 4286 677 4349 Virg.
1095 4283 1147 4332 abl
