2730 4686
540 296 807 398 ‚muwu'

93 486 263 552 contrabit
276 484 444 549 admixtos
456 501 542 560 nunc
554 481 661 549 fontes
674 488 773 565 atque
785 480 930 563 farum

91 588 312 652 Transversat
326 587 445 661 durate
457 604 570 661 manu,
585 583 778 667 liquidoque
793 589 913 649 coacto

93 688 261 753 Interdum
277 707 410 770 grumos
426 686 552 769 spargit
566 685 647 748 sale
691 684 836 768 Jamque
851 685 1025 750 subactum

93 789 214 854 Laevat
227 809 323 871 opus,
339 789 527 871 palmisque
542 806 640 851 suum
654 786 773 851 dilatat
788 787 822 850 in
836 786 962 865 orbem,

93 891 138 955 Et
150 897 255 967 notat,
272 892 439 972 impressis
454 910 554 972 aequo
568 889 756 956 discrimine
769 888 918 972 quadris.

93 993 199 1057 Infert
212 991 287 1055 inde
301 992 397 1056 ioco:
422 990 547 1075 Cybale
561 991 778 1057 mundaverat
793 998 908 1074 aptum

95 1095 185 1160 Ante
198 1097 327 1158 locum:
351 1095 509 1175 testisque
525 1096 624 1176 tegit;
648 1113 749 1177 super
763 1099 896 1176 aggerat
909 1092 1013 1175 ignes.

94 1198 252 1279 Dumque
268 1214 346 1258 suas
360 1196 488 1277 peragit
502 1194 675 1261 Vulcanus
689 1202 841 1279 testeque
856 1200 979 1278 partes,

94 1298 242 1361 Simulus
256 1299 378 1361 interea
393 1315 504 1376 vacua
517 1317 584 1360 non
599 1304 710 1362 cessat
724 1297 758 1360 in
772 1298 873 1375 hora3

95 1398 223 1462 Verum
237 1397 337 1460 aliam
352 1398 417 1461 sibi
432 1399 552 1480 quaerit
567 1416 666 1481 opem
678 1418 687 1477 3
710 1418 775 1462 neu
789 1398 864 1463 sola
877 1399 991 1481 palato

96 1498 149 1563 Sit
163 1517 230 1561 non
243 1502 338 1579 grata
353 1496 464 1575 Ceres,
480 1517 566 1580 quas
576 1499 705 1582 jungat,
722 1506 893 1582 comparat
906 1518 1016 1588 esces.
1157 1497 1201 1561 56

96 1843 157 1893 Jam
169 1845 194 1893 in
204 1846 277 1909 Copa
287 1852 319 1896 20
330 1847 417 1895 mundo
428 1847 582 1895 Ceres-rs.
599 1851 649 1895 tum
660 1845 686 1894 in
697 1847 783 1909 vulgg.
796 1844 970 1908 importunum
986 1850 1046 1908 post
1057 1842 1125 1893 idem
1142 1857 1201 1895 voc.

97 1924 123 1957 v.
135 1913 166 1958 ts
180 1911 204 1957 iu
223 1926 293 1974 nunc,
313 1911 354 1958 vel
367 1912 421 1970 jum
439 1910 589 1959 mutandum
609 1918 673 1958 erat.
706 1926 767 1958 ourrc
784 1910 900 1974 Scaliger
917 1923 1018 1974 quoque
1035 1907 1204 1966 emendabat„

97 1974 219 2022 admixtos
228 1975 370 2034 tumforrtes
387 1982 451 2024 vett.
461 1974 530 2036 edd,
547 1973 616 2036 quod
626 1988 764 2023 correxere
775 1975 825 2099 eli}
835 1982 865 2023 ut
873 1973 915 2022 ed.
928 1973 1046 2023 Norimb.
1055 1978 1083 2022 et
1092 1974 1203 2029 Arcens.

98 2039 220 2087 admixtos
232 2040 395 2102 commodes,
406 2039 458 2102 alii,
468 2046 498 2088 ut
510 2038 611 2101 Aldina,
622 2039 800 2087 odmietostom
822 2043 895 2088 ordea
927 2038 991 2087 'lum
1008 2037 1113 2100 iuterpu
1149 2037 1202 2093 'tur
1236 2047 1241 2059 ¹

97 2102 176 2164 vulgo
186 2111 247 2166 post
256 2103 347 2164 sontes,
367 2118 456 2166 parum
469 2100 611 2152 commode.
645 2103 713 2152 Nam
724 2101 810 2152 fontes
819 2110 847 2152 et
858 2102 954 2153 farinas
965 2102 1075 2157 Simulus
1086 2116 1118 2152 co
1145 2109 1157 2152 t
1168 2116 1212 2168 sc¹

97 2167 229 2216 contrahit
246 2168 358 2216 inunum
371 2168 484 2230 globum,
501 2174 530 2215 ut
546 2181 606 2216 mox
622 2167 717 2217 iterum
729 2182 805 2216 manu
816 2167 915 2231 injecta
925 2167 1036 2232 digerat.
1069 2166 1153 2219 Totus
1162 2181 1201 2223 vo.

98 2235 129 2279 dd
141 2246 157 2279 a
169 2232 219 2280 Ms.
239 2232 336 2281 Koeler.
352 2232 526 2281 aberat—ib.
546 2232 700 2282 mammae
717 2233 804 2281 duroto
819 2248 898 2282 monn.
933 2232 1049 2295 Scaliger
1060 2232 1199 2283 emendat:

101 2294 243 2345 numm
253 2298 340 2345 duroto
350 2313 421 2345 moro
430 2297 559 2360 liquidoque
574 2301 670 2346 coneto:
688 2304 716 2345 ut
734 2305 881 2347 transversa
891 2312 966 2346 manu
978 2295 1203 2356 contrabatfouteo

99 2365 169 2422 atque
181 2361 285 2421 surinus,
299 2363 393 2410 dureo.
427 2363 511 2412 Quam
528 2361 605 2410 duret
640 2362 731 2410 Feranr
749 2361 836 2425 itaque
852 2362 992 2424 vulgatam,
1008 2361 1053 2410 sed
1065 2361 1204 2413 emendste

99 2423 324 2488 interpunctione:
346 2426 500 2475 liomersot
510 2427 596 2475 dorato
606 2440 690 2474 mono:
706 2440 745 2487 ea,
755 2441 811 2490 quae
823 2425 960 2474 induruere
976 2425 1101 2487 cogendo,
1121 2432 1204 2474 trans·

98 2490 193 2538 versim
211 2490 303 2539 iterum
322 2505 396 2538 manu
414 2489 519 2553 subigit.
553 2488 670 2553 Conjicio
688 2496 774 2538 tamen
792 2489 842 2538 scri
863 2495 917 2538 tum
934 2488 1026 2538 t'uisse:
1047 2490 1203 2555 limum

98 2554 213 2617 duotore
231 2569 309 2603 mortu.
352 2555 486 2604 llartbium
506 2567 555 2617 quo
575 2568 607 2602 ne
632 2553 794 2628 conjectasse
814 2504 905 2602 virleu:
940 2554 1082 2602 lioneoersn
1103 2555 1205 2603 duranto

99 2633 178 2668 manu.
212 2619 276 2667 Mox
298 2619 428 2695 lipridoqoe
450 2623 530 2667 :odota
552 2569 659 2667 Recens.
683 2624 882 2680 iuterpretatur.
915 2617 966 2666 Sed
987 2632 1051 2680 quos
1071 2616 1206 2728 subijongit

97 2696 194 2743 gamos
204 2681 304 2746 farine,
312 2685 331 2731 ii
342 2698 393 2731 non
403 2683 450 2731 nisi
461 2681 547 2745 liquido
558 2682 642 2744 macti,
654 2697 699 2744 per
711 2681 844 2745 liquorem,
855 2696 957 2745 aquom,
968 2681 1102 2744 particulis
1124 2681 1204 2735 arina

101 2748 300 2808 cohaerentibus,
320 2749 431 2797 existere
449 2754 572 2810 potuere:
591 2746 678 2810 itnque
696 2745 827 2857 liffoirbpru
843 2751 934 2794 coactor
944 2746 1015 2808 conj.
1033 2745 1135 2806 Heius,
1151 2759 1205 2796 neo

99 2812 176 2860 male.
210 2811 284 2860 Idem
297 2813 373 2874 paulo
383 2818 444 2860 ante
455 2825 545 2873 monuo,
557 2811 703 2875 nescioquo
728 2815 886 2859 ructu—ti.
902 2825 985 2871 gruem
997 2815 1062 2858 vett.
1074 2809 1133 2860 edd.
1144 2824 1205 2865 cnon

101 2876 153 2924 Ms.
173 2877 270 2924 Koeler.
290 2883 318 2925 et
330 2876 440 2925 llelmst.
475 2875 643 2937 Solisgrrorrot
655 2874 676 2923 si
686 2874 730 2924 hic
742 2889 850 2939 quaeras,
866 2873 1002 2937 legendum
1020 2881 1090 2923 crat:
1106 2888 1205 2935 grano·

99 2941 373 3054 :diuitiis
386 2940 746 3068 Extimuit
762 2938 1206 3054 tssiisilidulrr'titd‘

102 3041 172 3118 Fasl.
185 3084 204 3130 r,
224 3074 272 3118 338
284 3069 320 3118 sic
331 3069 500 3118 emendabat:
520 3069 646 3119 Contrnitit
658 3068 766 3117 odorisio
776 3067 951 3127 nurcsortidur
960 3067 1153 3130 (mafortibus),
1169 3073 1206 3121 rr·

100 3134 247 3196 quesorinot
257 3135 400 3183 meroem
411 3136 525 3197 duratque
537 3149 620 3183 mmo:
636 3133 767 3197 liquidoque
777 3138 867 3181 euectos
878 3133 1000 3181 Interdum
1006 3147 1102 3193 grumos
1111 3133 1206 3197 spargit

100 3199 231 3248 tale-48.
249 3200 333 3247 leont
343 3214 407 3262 opus,
418 3213 451 3247 ex
460 3206 525 3248 vett.
536 3198 596 3248 edd.
610 3198 795 3258 revocavimus,
812 3197 944 3263 scaligero
955 3212 1056 3262 quoque
1068 3198 1204 3251 hortante:

102 3277 161 3312 nam
173 3264 278 3327 levigat
291 3277 382 3327 panem
400 3264 426 3312 in
447 3264 576 3340 placentae
592 3278 689 3314 morem
711 3271 738 3313 ct
758 3262 857 3314 dilatat.
891 3262 987 3313 Aldina
999 3262 1088 3313 dedit:
1106 3263 1207 3317 rm

101 3343 115 3376 o
159 3333 241 3377 .-tl.
259 3328 322 3376 Arte
335 3326 419 3387 focum
437 3328 501 3378 licet
519 3329 588 3392 conj.
610 3343 670 3377 cum
687 3328 803 3378 Heinsio.
837 3327 949 3391 tertioque
964 3328 1040 3389 tegit:
1056 3343 1143 3391 seper,-
1166 3329 1208 3380 rio

128 3392 164 3441 ld.
186 3407 244 3441 cum
266 3394 317 3442 Ms.
338 3394 445 3454 muter,
464 3408 572 3456 eamque
594 3394 703 3456 priscam
722 3393 858 3442 lectionem
878 3408 934 3442 esse
954 3393 1069 3454 Scaliger
1087 3398 1206 3447 testatur.

101 3458 187 3519 Vulgo
197 3457 295 3506 editum
305 3474 311 3505 ι
323 3458 522 3520 testisquetegerrs
530 3471 613 3518 super:
626 3456 694 3522 quod
703 3463 789 3505 tamen
797 3471 920 3505 nnncuon
930 3457 1037 3506 multum
1047 3456 1206 3521 absumquto

104 3520 242 3584 praeferam
255 3529 299 3570 aut
310 3522 440 3571 scribam:
467 3522 536 3570 tertis
553 3523 617 3582 tegit
632 3526 656 3568 et
674 3536 745 3586 super
757 3525 941 3582 aggerat-52.
963 3522 1079 3570 Vulcano
1091 3522 1207 3584 Vestaque

104 3592 178 3634 vetus
188 3593 227 3634 est
239 3588 326 3648 lectio,
345 3601 422 3651 quam
433 3600 484 3633 non
496 3585 557 3634 satis
569 3599 698 3649 assequor.
731 3585 783 3633 Aut
795 3585 862 3634 enim
873 3585 941 3633 idem
953 3592 992 3633 est
1004 3593 1150 3648 utrumque,
1161 3589 1209 3640 ant

104 3665 162 3700 cum
175 3650 300 3701 Ascensio
312 3653 380 3700 inter
392 3650 542 3699 crassiorem
554 3655 581 3699 et
593 3648 736 3697 tenuiorem
751 3648 835 3711 ignem
855 3648 992 3697 discrimen
1002 3647 1089 3697 iacere
1100 3661 1209 3703 necem

104 3721 154 3764 est.
189 3716 283 3781 ltaque
295 3717 439 3779 amplector
449 3714 568 3763 Aldinam
584 3713 722 3762 lectionem
734 3729 740 3762 ι
758 3717 872 3776 imoque,
889 3727 949 3760 nam
961 3728 976 3762 a
988 3713 1062 3761 testis
1072 3710 1208 3762 calefactio

105 3779 191 3830 coctio
203 3781 277 3845 panis
288 3781 460 3832 acceleratur.
493 3779 551 3830 Nisi
572 3779 644 3829 Vesta
659 3775 732 3827 focus
749 3783 874 3828 est-bt.
891 3792 921 3826 ne
931 3777 973 3825 ed.
989 3778 1106 3839 Arcens,
1121 3776 1206 3828 minus

603 3941 710 3995 NOTAE

138 4077 171 4122 to
188 4070 409 4137 Reproeseounda
427 4071 469 4123 bic
491 4079 532 4121 ast
546 4070 638 4123 *animo
677 4069 814 4132 fomento,
836 4083 973 4133 azymum:
999 4074 1052 4118 tum
1080 4080 1105 4114 v.
1129 4067 1163 4116 49
1183 4065 1209 4117 in

109 4149 219 4212 pistoris
237 4164 317 4214 opera
337 4149 363 4199 in
382 4148 524 4214 subigendo
543 4147 638 4199 lerion.
678 4145 790 4212 quadres
801 4144 952 4210 dissectum,
970 4159 1032 4210 quas
1049 4141 1210 4207 Scaligerad

109 4225 206 4275 Panem
218 4232 306 4278 autem
316 4226 358 4277 bic
367 4224 482 4276 ridemus
491 4225 639 4290 paralleloe
678 4225 705 4274 b.
716 4225 733 4274 Ι.
744 4223 895 4274 illustravit.
