<?xml version="1.0" encoding="UTF-8"?>
<!DOCTYPE html PUBLIC "-//W3C//DTD XHTML 1.0 Transitional//EN"
    "http://www.w3.org/TR/xhtml1/DTD/xhtml1-transitional.dtd">
<html xmlns="http://www.w3.org/1999/xhtml" xml:lang="en" lang="en">
 <head>
  <title>
</title>
<meta http-equiv="Content-Type" content="text/html;charset=utf-8" />
  <meta name='ocr-system' content='tesseract 3.04.00' />
  <meta name='ocr-capabilities' content='ocr_page ocr_carea ocr_par ocr_line ocrx_word'/>
</head>
<body>
  <div class='ocr_page' id='page_1' title='image "./pvirgiliimaroni07virggoog/pvirgiliimaroni07virggoog_0253.png"; bbox 0 0 2730 4686; ppageno 0'>
   <div class='ocr_carea' id='block_1_1' title="bbox 163 317 922 388">
    <p class='ocr_par' dir='ltr' id='par_1_1' title="bbox 163 317 922 388">
     <span class='ocr_line' id='line_1_1' title="bbox 163 317 922 388; baseline -0.011 -2"><span class='ocrx_word' id='word_1_1' title='bbox 163 321 250 388; x_wconf 83' lang='grc'><strong>1464</strong></span> <span class='ocrx_word' id='word_1_2' title='bbox 513 334 544 383; x_wconf 80' lang='lat' dir='ltr'><strong>r.</strong></span> <span class='ocrx_word' id='word_1_3' title='bbox 569 317 731 382; x_wconf 73' lang='lat' dir='ltr'><strong>vrner&#39;nrr</strong></span> <span class='ocrx_word' id='word_1_4' title='bbox 756 332 922 379; x_wconf 75' lang='lat' dir='ltr'><strong>uanours</strong></span> 
     </span>
    </p>
   </div>
   <div class='ocr_carea' id='block_1_2' title="bbox 159 468 1269 1989">
    <p class='ocr_par' dir='ltr' id='par_1_2' title="bbox 159 468 1269 1989">
     <span class='ocr_line' id='line_1_2' title="bbox 159 468 1266 564; baseline -0.011 -15"><span class='ocrx_word' id='word_1_5' title='bbox 159 484 281 548; x_wconf 85' lang='lat' dir='ltr'><strong>insano</strong></span> <span class='ocrx_word' id='word_1_6' title='bbox 301 481 374 564; x_wconf 87' lang='lat' dir='ltr'><strong>ejus</strong></span> <span class='ocrx_word' id='word_1_7' title='bbox 396 498 507 545; x_wconf 91' lang='lat' dir='ltr'><strong>amore</strong></span> <span class='ocrx_word' id='word_1_8' title='bbox 528 484 680 561; x_wconf 84' lang='lat' dir='ltr'><strong>correpta</strong></span> <span class='ocrx_word' id='word_1_9' title='bbox 694 483 760 541; x_wconf 85' lang='lat' dir='ltr'><strong>cst:</strong></span> <span class='ocrx_word' id='word_1_10' title='bbox 783 497 850 560; x_wconf 93' lang='lat' dir='ltr'><strong>quo</strong></span> <span class='ocrx_word' id='word_1_11' title='bbox 875 477 933 540; x_wconf 82' lang='lat' dir='ltr'><strong>illa</strong></span> <span class='ocrx_word' id='word_1_12' title='bbox 953 471 1044 540; x_wconf 79' lang='lat' dir='ltr'><strong>&#39;victa</strong></span> <span class='ocrx_word' id='word_1_13' title='bbox 1060 468 1178 538; x_wconf 57' lang='lat' dir='ltr'><strong>‘noemi</strong></span> <span class='ocrx_word' id='word_1_14' title='bbox 1195 490 1266 539; x_wconf 84' lang='lat' dir='ltr'><strong>snr-</strong></span> 
     </span>
     <span class='ocr_line' id='line_1_3' title="bbox 165 574 1268 660; baseline -0.011 -10"><span class='ocrx_word' id='word_1_15' title='bbox 165 587 262 660; x_wconf 86' lang='lat' dir='ltr'><strong>rexit,</strong></span> <span class='ocrx_word' id='word_1_16' title='bbox 286 591 322 648; x_wconf 91' lang='lat' dir='ltr'><strong>ut</strong></span> <span class='ocrx_word' id='word_1_17' title='bbox 346 583 467 646; x_wconf 86' lang='lat' dir='ltr'><strong>crinem</strong></span> <span class='ocrx_word' id='word_1_18' title='bbox 491 581 584 644; x_wconf 92' lang='lat' dir='ltr'><strong>illum</strong></span> <span class='ocrx_word' id='word_1_19' title='bbox 610 580 750 643; x_wconf 80' lang='lat' dir='ltr'><strong>fatalem·</strong></span> <span class='ocrx_word' id='word_1_20' title='bbox 767 579 854 642; x_wconf 87' lang='lat' dir='ltr'><strong>clam</strong></span> <span class='ocrx_word' id='word_1_21' title='bbox 876 574 1268 659; x_wconf 51' lang='lat' dir='ltr'><strong>rescinderetsquotsihi</strong></span> 
     </span>
     <span class='ocr_line' id='line_1_4' title="bbox 166 676 1269 751; baseline -0.011 0"><span class='ocrx_word' id='word_1_22' title='bbox 166 686 292 751; x_wconf 79' lang='lat' dir='ltr'><strong>Minois</strong></span> <span class='ocrx_word' id='word_1_23' title='bbox 316 703 462 748; x_wconf 86' lang='lat' dir='ltr'><strong>amorem</strong></span> <span class='ocrx_word' id='word_1_24' title='bbox 486 683 682 747; x_wconf 83' lang='lat' dir='ltr'><strong>conciliaret.</strong></span> <span class='ocrx_word' id='word_1_25' title='bbox 727 681 912 746; x_wconf 79' lang='lat' dir='ltr'><strong>Exeuntem</strong></span> <span class='ocrx_word' id='word_1_26' title='bbox 938 680 1095 744; x_wconf 90' lang='lat' dir='ltr'><strong>cubiculo</strong></span> <span class='ocrx_word' id='word_1_27' title='bbox 1120 676 1269 742; x_wconf 84' lang='lat' dir='ltr'><strong>animad-</strong></span> 
     </span>
     <span class='ocr_line' id='line_1_5' title="bbox 165 779 1268 865; baseline -0.01 -12"><span class='ocrx_word' id='word_1_28' title='bbox 165 791 262 854; x_wconf 89' lang='lat' dir='ltr'><strong>vertit</strong></span> <span class='ocrx_word' id='word_1_29' title='bbox 285 789 408 862; x_wconf 84' lang='lat' dir='ltr'><strong>nutrix,</strong></span> <span class='ocrx_word' id='word_1_30' title='bbox 425 784 555 861; x_wconf 86' lang='lat' dir='ltr'><strong>Carme,</strong></span> <span class='ocrx_word' id='word_1_31' title='bbox 569 783 649 849; x_wconf 79' lang='lat' dir='ltr'><strong>Jovi</strong></span> <span class='ocrx_word' id='word_1_32' title='bbox 672 785 752 848; x_wconf 93' lang='lat' dir='ltr'><strong>olim</strong></span> <span class='ocrx_word' id='word_1_33' title='bbox 778 789 901 859; x_wconf 84' lang='lat' dir='ltr'><strong>amata,</strong></span> <span class='ocrx_word' id='word_1_34' title='bbox 917 802 962 846; x_wconf 86' lang='lat' dir='ltr'><strong>ex</strong></span> <span class='ocrx_word' id='word_1_35' title='bbox 984 800 1050 865; x_wconf 89' lang='lat' dir='ltr'><strong>quo</strong></span> <span class='ocrx_word' id='word_1_36' title='bbox 1074 779 1268 844; x_wconf 72' lang='lat' dir='ltr'><strong>illa‘Bn&#39;to·</strong></span> 
     </span>
     <span class='ocr_line' id='line_1_6' title="bbox 165 883 1266 973; baseline -0.011 -17"><span class='ocrx_word' id='word_1_37' title='bbox 165 892 285 956; x_wconf 82' lang='lat' dir='ltr'><strong>martin</strong></span> <span class='ocrx_word' id='word_1_38' title='bbox 298 894 483 973; x_wconf 84' lang='lat' dir='ltr'>pepererat.</span> <span class='ocrx_word' id='word_1_39' title='bbox 528 886 580 949; x_wconf 88' lang='lat' dir='ltr'><strong>Ea</strong></span> <span class='ocrx_word' id='word_1_40' title='bbox 602 888 743 951; x_wconf 84' lang='lat' dir='ltr'><strong>alumnae</strong></span> <span class='ocrx_word' id='word_1_41' title='bbox 767 886 907 949; x_wconf 89' lang='lat' dir='ltr'><strong>meliora</strong></span> <span class='ocrx_word' id='word_1_42' title='bbox 928 885 1071 969; x_wconf 91' lang='lat' dir='ltr'><strong>primum</strong></span> <span class='ocrx_word' id='word_1_43' title='bbox 1091 883 1266 965; x_wconf 83' lang='lat' dir='ltr'><strong>persuasit,</strong></span> 
     </span>
     <span class='ocr_line' id='line_1_7' title="bbox 165 983 1266 1069; baseline -0.012 -12"><span class='ocrx_word' id='word_1_44' title='bbox 165 1011 247 1057; x_wconf 82' lang='lat' dir='ltr'><strong>mox</strong></span> <span class='ocrx_word' id='word_1_45' title='bbox 266 1000 377 1056; x_wconf 84' lang='lat' dir='ltr'><strong>autem</strong></span> <span class='ocrx_word' id='word_1_46' title='bbox 393 989 505 1052; x_wconf 90' lang='lat' dir='ltr'><strong>multis</strong></span> <span class='ocrx_word' id='word_1_47' title='bbox 519 988 639 1052; x_wconf 88' lang='lat' dir='ltr'><strong>frustra</strong></span> <span class='ocrx_word' id='word_1_48' title='bbox 652 990 785 1053; x_wconf 82' lang='lat' dir='ltr'><strong>tentatis</strong></span> <span class='ocrx_word' id='word_1_49' title='bbox 800 994 837 1053; x_wconf 88' lang='lat' dir='ltr'><strong>ut</strong></span> <span class='ocrx_word' id='word_1_50' title='bbox 852 987 959 1050; x_wconf 90' lang='lat' dir='ltr'><strong>Nisus</strong></span> <span class='ocrx_word' id='word_1_51' title='bbox 973 987 1128 1069; x_wconf 88' lang='lat' dir='ltr'><strong>pactione</strong></span> <span class='ocrx_word' id='word_1_52' title='bbox 1142 983 1266 1046; x_wconf 91' lang='lat' dir='ltr'><strong>bellum</strong></span> 
     </span>
     <span class='ocr_line' id='line_1_8' title="bbox 166 1084 1268 1176; baseline -0.014 -16"><span class='ocrx_word' id='word_1_53' title='bbox 166 1097 391 1176; x_wconf 87' lang='lat' dir='ltr'>componeret,</span> <span class='ocrx_word' id='word_1_54' title='bbox 407 1091 440 1152; x_wconf 93' lang='lat' dir='ltr'><strong>in</strong></span> <span class='ocrx_word' id='word_1_55' title='bbox 454 1089 606 1154; x_wconf 82' lang='lat' dir='ltr'><strong>nutriciae</strong></span> <span class='ocrx_word' id='word_1_56' title='bbox 621 1090 817 1153; x_wconf 86' lang='lat' dir='ltr'><strong>sententiam</strong></span> <span class='ocrx_word' id='word_1_57' title='bbox 831 1089 1008 1152; x_wconf 86' lang='lat' dir='ltr'><strong>concessit.</strong></span> <span class='ocrx_word' id='word_1_58' title='bbox 1053 1084 1268 1165; x_wconf 81' lang='lat' dir='ltr'><strong>Resectaigi·</strong></span> 
     </span>
     <span class='ocr_line' id='line_1_9' title="bbox 165 1185 1267 1260; baseline -0.012 0"><span class='ocrx_word' id='word_1_59' title='bbox 165 1202 218 1260; x_wconf 91' lang='lat' dir='ltr'><strong>tur</strong></span> <span class='ocrx_word' id='word_1_60' title='bbox 242 1193 328 1258; x_wconf 92' lang='lat' dir='ltr'><strong>Niso</strong></span> <span class='ocrx_word' id='word_1_61' title='bbox 351 1211 448 1256; x_wconf 88' lang='lat' dir='ltr'><strong>coma</strong></span> <span class='ocrx_word' id='word_1_62' title='bbox 467 1210 567 1254; x_wconf 84' lang='lat' dir='ltr'><strong>aurea</strong></span> <span class='ocrx_word' id='word_1_63' title='bbox 583 1197 623 1254; x_wconf 87' lang='lat' dir='ltr'><strong>et</strong></span> <span class='ocrx_word' id='word_1_64' title='bbox 646 1210 722 1254; x_wconf 93' lang='lat' dir='ltr'><strong>cum</strong></span> <span class='ocrx_word' id='word_1_65' title='bbox 741 1193 822 1254; x_wconf 89' lang='lat' dir='ltr'><strong>urbe</strong></span> <span class='ocrx_word' id='word_1_66' title='bbox 838 1189 946 1253; x_wconf 92' lang='lat' dir='ltr'><strong>Minoi</strong></span> <span class='ocrx_word' id='word_1_67' title='bbox 959 1187 1090 1253; x_wconf 89' lang='lat' dir='ltr'><strong>tradita.</strong></span> <span class='ocrx_word' id='word_1_68' title='bbox 1136 1185 1172 1248; x_wconf 90' lang='lat' dir='ltr'><strong>Is</strong></span> <span class='ocrx_word' id='word_1_69' title='bbox 1187 1203 1267 1250; x_wconf 81' lang='lat' dir='ltr'><strong>vero</strong></span> 
     </span>
     <span class='ocr_line' id='line_1_10' title="bbox 163 1285 1268 1385; baseline -0.01 -24"><span class='ocrx_word' id='word_1_70' title='bbox 163 1295 295 1385; x_wconf 74' lang='lat' dir='ltr'><strong>facinus</strong></span> <span class='ocrx_word' id='word_1_71' title='bbox 311 1299 380 1358; x_wconf 85' lang='lat' dir='ltr'><strong>tam</strong></span> <span class='ocrx_word' id='word_1_72' title='bbox 394 1298 489 1357; x_wconf 82' lang='lat' dir='ltr'><strong>atrox</strong></span> <span class='ocrx_word' id='word_1_73' title='bbox 503 1298 536 1357; x_wconf 89' lang='lat' dir='ltr'><strong>et</strong></span> <span class='ocrx_word' id='word_1_74' title='bbox 549 1293 688 1375; x_wconf 93' lang='lat' dir='ltr'><strong>impium</strong></span> <span class='ocrx_word' id='word_1_75' title='bbox 702 1299 886 1366; x_wconf 67' lang='lat' dir='ltr'><strong>aversatus</strong></span> <span class='ocrx_word' id='word_1_76' title='bbox 900 1312 976 1355; x_wconf 91' lang='lat' dir='ltr'><strong>cum</strong></span> <span class='ocrx_word' id='word_1_77' title='bbox 990 1292 1024 1354; x_wconf 91' lang='lat' dir='ltr'><strong>in</strong></span> <span class='ocrx_word' id='word_1_78' title='bbox 1035 1288 1169 1353; x_wconf 82' lang='lat' dir='ltr'><strong>Cretam</strong></span> <span class='ocrx_word' id='word_1_79' title='bbox 1183 1285 1268 1350; x_wconf 83' lang='lat' dir='ltr'><strong>redi-</strong></span> 
     </span>
     <span class='ocr_line' id='line_1_11' title="bbox 165 1381 1268 1480; baseline -0.01 -18"><span class='ocrx_word' id='word_1_80' title='bbox 165 1403 225 1476; x_wconf 86' lang='lat' dir='ltr'><strong>ret,</strong></span> <span class='ocrx_word' id='word_1_81' title='bbox 240 1397 393 1480; x_wconf 88' lang='lat' dir='ltr'><strong>puellam,</strong></span> <span class='ocrx_word' id='word_1_82' title='bbox 405 1416 446 1459; x_wconf 94' lang='lat' dir='ltr'><strong>ne</strong></span> <span class='ocrx_word' id='word_1_83' title='bbox 460 1396 596 1479; x_wconf 86' lang='lat' dir='ltr'><strong>piaculo</strong></span> <span class='ocrx_word' id='word_1_84' title='bbox 608 1400 700 1460; x_wconf 82' lang='lat' dir='ltr'><strong>tanto</strong></span> <span class='ocrx_word' id='word_1_85' title='bbox 715 1396 860 1460; x_wconf 77' lang='lat' dir='ltr'><strong>classem</strong></span> <span class='ocrx_word' id='word_1_86' title='bbox 872 1381 1119 1468; x_wconf 74' lang='lat' dir='ltr'><strong>contaminaret,</strong></span> <span class='ocrx_word' id='word_1_87' title='bbox 1132 1410 1174 1453; x_wconf 90' lang='lat' dir='ltr'><strong>ne</strong></span> <span class='ocrx_word' id='word_1_88' title='bbox 1187 1388 1268 1454; x_wconf 87' lang='lat' dir='ltr'><strong>navi</strong></span> 
     </span>
     <span class='ocr_line' id='line_1_12' title="bbox 166 1491 1269 1584; baseline -0.008 -20"><span class='ocrx_word' id='word_1_89' title='bbox 166 1499 299 1584; x_wconf 88' lang='lat' dir='ltr'><strong>quidem</strong></span> <span class='ocrx_word' id='word_1_90' title='bbox 320 1500 465 1581; x_wconf 88' lang='lat' dir='ltr'><strong>recipere</strong></span> <span class='ocrx_word' id='word_1_91' title='bbox 484 1499 600 1575; x_wconf 86' lang='lat' dir='ltr'><strong>voluit,</strong></span> <span class='ocrx_word' id='word_1_92' title='bbox 622 1497 681 1561; x_wconf 91' lang='lat' dir='ltr'><strong>sed</strong></span> <span class='ocrx_word' id='word_1_93' title='bbox 704 1517 748 1561; x_wconf 83' lang='lat' dir='ltr'><strong>ex</strong></span> <span class='ocrx_word' id='word_1_94' title='bbox 769 1498 865 1561; x_wconf 83' lang='lat' dir='ltr'><strong>navis</strong></span> <span class='ocrx_word' id='word_1_95' title='bbox 887 1496 1048 1559; x_wconf 88' lang='lat' dir='ltr'><strong>exteriore</strong></span> <span class='ocrx_word' id='word_1_96' title='bbox 1072 1493 1175 1557; x_wconf 89' lang='lat' dir='ltr'><strong>latere</strong></span> <span class='ocrx_word' id='word_1_97' title='bbox 1196 1491 1269 1556; x_wconf 85' lang='lat' dir='ltr'><strong>alli-</strong></span> 
     </span>
     <span class='ocr_line' id='line_1_13' title="bbox 167 1595 1266 1682; baseline -0.009 -16"><span class='ocrx_word' id='word_1_98' title='bbox 167 1605 278 1682; x_wconf 76' lang='lat' dir='ltr'><strong>gatam</strong></span> <span class='ocrx_word' id='word_1_99' title='bbox 292 1620 405 1664; x_wconf 90' lang='lat' dir='ltr'><strong>secum</strong></span> <span class='ocrx_word' id='word_1_100' title='bbox 420 1600 528 1665; x_wconf 84' lang='lat' dir='ltr'><strong>duxit.</strong></span> <span class='ocrx_word' id='word_1_101' title='bbox 564 1600 652 1663; x_wconf 83' lang='lat' dir='ltr'><strong>Tum</strong></span> <span class='ocrx_word' id='word_1_102' title='bbox 667 1597 726 1662; x_wconf 91' lang='lat' dir='ltr'><strong>illa</strong></span> <span class='ocrx_word' id='word_1_103' title='bbox 736 1599 839 1660; x_wconf 86' lang='lat' dir='ltr'><strong>multa</strong></span> <span class='ocrx_word' id='word_1_104' title='bbox 855 1596 913 1659; x_wconf 92' lang='lat' dir='ltr'><strong>diu</strong></span> <span class='ocrx_word' id='word_1_105' title='bbox 927 1599 1108 1678; x_wconf 87' lang='lat' dir='ltr'><strong>conquesta</strong></span> <span class='ocrx_word' id='word_1_106' title='bbox 1121 1595 1266 1657; x_wconf 80' lang='lat' dir='ltr'><strong>inanem</strong></span> 
     </span>
     <span class='ocr_line' id='line_1_14' title="bbox 164 1687 1269 1782; baseline -0.009 -13"><span class='ocrx_word' id='word_1_107' title='bbox 164 1703 261 1771; x_wconf 82' lang='lat' dir='ltr'><strong>&#39;cirim</strong></span> <span class='ocrx_word' id='word_1_108' title='bbox 289 1709 417 1768; x_wconf 84' lang='lat' dir='ltr'><strong>mutata</strong></span> <span class='ocrx_word' id='word_1_109' title='bbox 436 1709 505 1768; x_wconf 88' lang='lat' dir='ltr'><strong>est:</strong></span> <span class='ocrx_word' id='word_1_110' title='bbox 534 1703 667 1767; x_wconf 90' lang='lat' dir='ltr'><strong>additus</strong></span> <span class='ocrx_word' id='word_1_111' title='bbox 691 1708 802 1766; x_wconf 84' lang='lat' dir='ltr'><strong>tamen</strong></span> <span class='ocrx_word' id='word_1_112' title='bbox 826 1721 916 1769; x_wconf 83' lang='lat' dir='ltr'><strong>mox.</strong></span> <span class='ocrx_word' id='word_1_113' title='bbox 929 1700 961 1764; x_wconf 92' lang='lat' dir='ltr'><strong>ei</strong></span> <span class='ocrx_word' id='word_1_114' title='bbox 985 1702 1079 1782; x_wconf 84' lang='lat' dir='ltr'><strong>pater</strong></span> <span class='ocrx_word' id='word_1_115' title='bbox 1105 1687 1269 1761; x_wconf 69' lang='lat' dir='ltr'><strong>Nisus‘in</strong></span> 
     </span>
     <span class='ocr_line' id='line_1_15' title="bbox 166 1797 1269 1886; baseline -0.009 -15"><span class='ocrx_word' id='word_1_116' title='bbox 166 1803 354 1881; x_wconf 77' lang='lat' dir='ltr'><strong>haliaeetum</strong></span> <span class='ocrx_word' id='word_1_117' title='bbox 368 1810 536 1883; x_wconf 51' lang='lat' dir='ltr'><strong>mutatus,¹¹</strong></span> <span class='ocrx_word' id='word_1_118' title='bbox 549 1805 609 1886; x_wconf 91' lang='lat' dir='ltr'><strong>qui</strong></span> <span class='ocrx_word' id='word_1_119' title='bbox 628 1805 721 1868; x_wconf 89' lang='lat' dir='ltr'><strong>cirim</strong></span> <span class='ocrx_word' id='word_1_120' title='bbox 739 1822 834 1868; x_wconf 86' lang='lat' dir='ltr'><strong>avem</strong></span> <span class='ocrx_word' id='word_1_121' title='bbox 848 1802 1049 1866; x_wconf 87' lang='lat' dir='ltr'><strong>intemecino</strong></span> <span class='ocrx_word' id='word_1_122' title='bbox 1064 1797 1143 1863; x_wconf 93' lang='lat' dir='ltr'><strong>odio</strong></span> <span class='ocrx_word' id='word_1_123' title='bbox 1156 1815 1269 1882; x_wconf 86' lang='lat' dir='ltr'><strong>perse-</strong></span> 
     </span>
     <span class='ocr_line' id='line_1_16' title="bbox 168 1907 870 1989; baseline -0.009 -19"><span class='ocrx_word' id='word_1_124' title='bbox 168 1907 289 1989; x_wconf 86' lang='lat' dir='ltr'><strong>quitur.</strong></span> <span class='ocrx_word' id='word_1_125' title='bbox 869 1924 870 1928; x_wconf 43' lang='lat'>¹</span> 
     </span>
    </p>
   </div>
   <div class='ocr_carea' id='block_1_3' title="bbox 617 2100 843 2118">
    <p class='ocr_par' dir='ltr' id='par_1_3' title="bbox 617 2100 843 2118">
     <span class='ocr_line' id='line_1_17' title="bbox 617 2100 843 2118; baseline 0 0"><span class='ocrx_word' id='word_1_126' title='bbox 617 2100 843 2118; x_wconf 53' lang='lat' dir='ltr'><strong>*vt-„oann—</strong></span> 
     </span>
    </p>
   </div>
   <div class='ocr_carea' id='block_1_4' title="bbox 169 2258 932 2473">
    <p class='ocr_par' dir='ltr' id='par_1_4' title="bbox 169 2247 932 2473">
     <span class='ocr_line' id='line_1_18' title="bbox 169 2258 891 2371; baseline -0.004 -17"><span class='ocrx_word' id='word_1_127' title='bbox 169 2258 273 2354; x_wconf 70' lang='lat' dir='ltr'><strong>Frrsr</strong></span> <span class='ocrx_word' id='word_1_128' title='bbox 288 2307 342 2350; x_wconf 89' lang='lat' dir='ltr'><strong>me</strong></span> <span class='ocrx_word' id='word_1_129' title='bbox 356 2288 450 2351; x_wconf 86' lang='lat' dir='ltr'><strong>vario</strong></span> <span class='ocrx_word' id='word_1_130' title='bbox 467 2289 630 2371; x_wconf 85' lang='lat' dir='ltr'><strong>jactatum</strong></span> <span class='ocrx_word' id='word_1_131' title='bbox 643 2286 753 2350; x_wconf 89' lang='lat' dir='ltr'><strong>laudis</strong></span> <span class='ocrx_word' id='word_1_132' title='bbox 767 2306 891 2365; x_wconf 86' lang='lat' dir='ltr'><strong>amore,</strong></span> 
     </span>
     <span class='ocr_line' id='line_1_19' title="bbox 169 2387 932 2473; baseline 0 -19"><span class='ocrx_word' id='word_1_133' title='bbox 169 2387 332 2473; x_wconf 79' lang='lat' dir='ltr'><strong>initaque</strong></span> <span class='ocrx_word' id='word_1_134' title='bbox 346 2393 520 2471; x_wconf 86' lang='lat' dir='ltr'><strong>expertum</strong></span> <span class='ocrx_word' id='word_1_135' title='bbox 533 2388 665 2453; x_wconf 84' lang='lat' dir='ltr'><strong>fallacis</strong></span> <span class='ocrx_word' id='word_1_136' title='bbox 679 2391 817 2473; x_wconf 85' lang='lat' dir='ltr'><strong>praemia</strong></span> <span class='ocrx_word' id='word_1_137' title='bbox 829 2387 932 2473; x_wconf 84' lang='lat' dir='ltr'><strong>vulgi,</strong></span> 
     </span>
    </p>
   </div>
   <div class='ocr_carea' id='block_1_5' title="bbox 632 2551 807 2572">
    <p class='ocr_par' dir='ltr' id='par_1_5' title="bbox 632 2551 807 2572">
     <span class='ocr_line' id='line_1_20' title="bbox 632 2551 807 2572; baseline 0.006 -1"><span class='ocrx_word' id='word_1_138' title='bbox 632 2551 807 2572; x_wconf 62' lang='lat' dir='ltr'><strong>nuncnova</strong></span> 
     </span>
    </p>
   </div>
   <div class='ocr_carea' id='block_1_6' title="bbox 166 2649 1274 3747">
    <p class='ocr_par' dir='ltr' id='par_1_6' title="bbox 166 2649 1274 3747">
     <span class='ocr_line' id='line_1_21' title="bbox 201 2649 1272 2716; baseline 0.004 -16"><span class='ocrx_word' id='word_1_139' title='bbox 201 2650 289 2700; x_wconf 81' lang='lat' dir='ltr'><strong>Minus</strong></span> <span class='ocrx_word' id='word_1_140' title='bbox 300 2649 383 2700; x_wconf 88' lang='lat' dir='ltr'><strong>adlruc</strong></span> <span class='ocrx_word' id='word_1_141' title='bbox 395 2651 588 2701; x_wconf 83' lang='lat' dir='ltr'><strong>adolescentum</strong></span> <span class='ocrx_word' id='word_1_142' title='bbox 599 2651 715 2701; x_wconf 88' lang='lat' dir='ltr'><strong>manibus</strong></span> <span class='ocrx_word' id='word_1_143' title='bbox 725 2651 817 2702; x_wconf 83' lang='lat' dir='ltr'><strong>tritum</strong></span> <span class='ocrx_word' id='word_1_144' title='bbox 828 2665 883 2701; x_wconf 84' lang='lat' dir='ltr'><strong>esse</strong></span> <span class='ocrx_word' id='word_1_145' title='bbox 894 2651 943 2701; x_wconf 88' lang='lat' dir='ltr'><strong>lroc</strong></span> <span class='ocrx_word' id='word_1_146' title='bbox 955 2666 1068 2714; x_wconf 89' lang='lat' dir='ltr'><strong>carmen,</strong></span> <span class='ocrx_word' id='word_1_147' title='bbox 1086 2652 1135 2702; x_wconf 83' lang='lat' dir='ltr'><strong>etsi</strong></span> <span class='ocrx_word' id='word_1_148' title='bbox 1150 2659 1190 2702; x_wconf 92' lang='lat' dir='ltr'><strong>tot</strong></span> <span class='ocrx_word' id='word_1_149' title='bbox 1207 2659 1272 2716; x_wconf 77' lang='lat' dir='ltr'><strong>prat·</strong></span> 
     </span>
     <span class='ocr_line' id='line_1_22' title="bbox 169 2714 1272 2830; baseline 0 -64"><span class='ocrx_word' id='word_1_150' title='bbox 169 2714 247 2766; x_wconf 88' lang='lat' dir='ltr'><strong>claris</strong></span> <span class='ocrx_word' id='word_1_151' title='bbox 257 2716 321 2765; x_wconf 89' lang='lat' dir='ltr'><strong>locis</strong></span> <span class='ocrx_word' id='word_1_152' title='bbox 331 2717 439 2779; x_wconf 80' lang='lat' dir='ltr'><strong>insigne,</strong></span> <span class='ocrx_word' id='word_1_153' title='bbox 449 2730 523 2764; x_wconf 90' lang='lat' dir='ltr'><strong>uerno</strong></span> <span class='ocrx_word' id='word_1_154' title='bbox 535 2716 679 2779; x_wconf 87' lang='lat' dir='ltr'><strong>mirabitur,</strong></span> <span class='ocrx_word' id='word_1_155' title='bbox 690 2718 744 2782; x_wconf 86' lang='lat' dir='ltr'><strong>qui,</strong></span> <span class='ocrx_word' id='word_1_156' title='bbox 750 2732 830 2830; x_wconf 52' lang='grc' dir='ltr'><strong>ςιῗιιειιιι</strong></span> <span class='ocrx_word' id='word_1_157' title='bbox 841 2716 916 2766; x_wconf 81' lang='lat' dir='ltr'><strong>foedis</strong></span> <span class='ocrx_word' id='word_1_158' title='bbox 925 2716 988 2766; x_wconf 89' lang='lat' dir='ltr'><strong>illud</strong></span> <span class='ocrx_word' id='word_1_159' title='bbox 998 2717 1152 2780; x_wconf 84' lang='lat' dir='ltr'><strong>corruptelis</strong></span> <span class='ocrx_word' id='word_1_160' title='bbox 1163 2717 1272 2779; x_wconf 87' lang='lat' dir='ltr'><strong>laboret,</strong></span> 
     </span>
     <span class='ocr_line' id='line_1_23' title="bbox 170 2779 1272 2846; baseline -0.001 -17"><span class='ocrx_word' id='word_1_161' title='bbox 170 2779 338 2831; x_wconf 83' lang='lat' dir='ltr'><strong>intellexerit.</strong></span> <span class='ocrx_word' id='word_1_162' title='bbox 372 2781 526 2829; x_wconf 82' lang='lat' dir='ltr'><strong>versabitur</strong></span> <span class='ocrx_word' id='word_1_163' title='bbox 537 2780 616 2845; x_wconf 81' lang='lat' dir='ltr'><strong>igitur</strong></span> <span class='ocrx_word' id='word_1_164' title='bbox 625 2797 693 2832; x_wconf 89' lang='lat' dir='ltr'><strong>nunc</strong></span> <span class='ocrx_word' id='word_1_165' title='bbox 705 2782 749 2846; x_wconf 87' lang='lat' dir='ltr'><strong>qui</strong></span> <span class='ocrx_word' id='word_1_166' title='bbox 767 2797 808 2831; x_wconf 90' lang='lat' dir='ltr'><strong>em</strong></span> <span class='ocrx_word' id='word_1_167' title='bbox 826 2781 957 2845; x_wconf 75' lang='lat' dir='ltr'><strong>precipua</strong></span> <span class='ocrx_word' id='word_1_168' title='bbox 967 2796 1054 2845; x_wconf 84' lang='lat' dir='ltr'><strong>operae</strong></span> <span class='ocrx_word' id='word_1_169' title='bbox 1067 2788 1162 2831; x_wconf 73' lang='lat' dir='ltr'><strong>nosue</strong></span> <span class='ocrx_word' id='word_1_170' title='bbox 1174 2795 1234 2845; x_wconf 84' lang='lat' dir='ltr'><strong>pars</strong></span> <span class='ocrx_word' id='word_1_171' title='bbox 1244 2781 1272 2828; x_wconf 90' lang='lat' dir='ltr'><strong>in</strong></span> 
     </span>
     <span class='ocr_line' id='line_1_24' title="bbox 169 2843 1272 2906; baseline -0.001 -13"><span class='ocrx_word' id='word_1_172' title='bbox 169 2845 317 2894; x_wconf 82' lang='lat' dir='ltr'><strong>vulneribus</strong></span> <span class='ocrx_word' id='word_1_173' title='bbox 329 2845 377 2893; x_wconf 86' lang='lat' dir='ltr'><strong>illis</strong></span> <span class='ocrx_word' id='word_1_174' title='bbox 388 2845 514 2894; x_wconf 80' lang='lat' dir='ltr'><strong>sanandis.</strong></span> <span class='ocrx_word' id='word_1_175' title='bbox 547 2846 640 2895; x_wconf 79' lang='lat' dir='ltr'><strong>Statim</strong></span> <span class='ocrx_word' id='word_1_176' title='bbox 652 2847 677 2894; x_wconf 90' lang='lat' dir='ltr'><strong>in</strong></span> <span class='ocrx_word' id='word_1_177' title='bbox 689 2844 775 2895; x_wconf 86' lang='lat' dir='ltr'><strong>fronte</strong></span> <span class='ocrx_word' id='word_1_178' title='bbox 786 2845 906 2895; x_wconf 79' lang='lat' dir='ltr'><strong>carminis</strong></span> <span class='ocrx_word' id='word_1_179' title='bbox 919 2843 988 2895; x_wconf 79' lang='lat' dir='ltr'><strong>l&#39;oeda</strong></span> <span class='ocrx_word' id='word_1_180' title='bbox 1004 2846 1119 2895; x_wconf 90' lang='lat' dir='ltr'><strong>occurrit</strong></span> <span class='ocrx_word' id='word_1_181' title='bbox 1135 2846 1215 2906; x_wconf 69' lang='lat' dir='ltr'><strong>laium,</strong></span> <span class='ocrx_word' id='word_1_182' title='bbox 1230 2844 1272 2894; x_wconf 87' lang='lat' dir='ltr'><strong>cui</strong></span> 
     </span>
     <span class='ocr_line' id='line_1_25' title="bbox 166 2908 1271 2972; baseline -0.001 -14"><span class='ocrx_word' id='word_1_183' title='bbox 166 2908 223 2972; x_wconf 82' lang='lat' dir='ltr'><strong>jam</strong></span> <span class='ocrx_word' id='word_1_184' title='bbox 233 2909 349 2972; x_wconf 79' lang='lat' dir='ltr'><strong>Scaliger</strong></span> <span class='ocrx_word' id='word_1_185' title='bbox 360 2910 457 2958; x_wconf 81' lang='lat' dir='ltr'><strong>mederi</strong></span> <span class='ocrx_word' id='word_1_186' title='bbox 470 2909 559 2958; x_wconf 83' lang='lat' dir='ltr'><strong>voluit.</strong></span> <span class='ocrx_word' id='word_1_187' title='bbox 592 2911 752 2960; x_wconf 85' lang='lat' dir='ltr'><strong>Sententiam</strong></span> <span class='ocrx_word' id='word_1_188' title='bbox 764 2911 813 2958; x_wconf 86' lang='lat' dir='ltr'><strong>loci</strong></span> <span class='ocrx_word' id='word_1_189' title='bbox 825 2910 927 2958; x_wconf 89' lang='lat' dir='ltr'><strong>omnino</strong></span> <span class='ocrx_word' id='word_1_190' title='bbox 938 2911 1003 2958; x_wconf 83' lang='lat' dir='ltr'><strong>hanc</strong></span> <span class='ocrx_word' id='word_1_191' title='bbox 1020 2924 1086 2972; x_wconf 87' lang='lat' dir='ltr'><strong>esse,</strong></span> <span class='ocrx_word' id='word_1_192' title='bbox 1102 2917 1139 2972; x_wconf 86' lang='lat' dir='ltr'><strong>nt,</strong></span> <span class='ocrx_word' id='word_1_193' title='bbox 1155 2911 1204 2960; x_wconf 86' lang='lat' dir='ltr'><strong>etsi</strong></span> <span class='ocrx_word' id='word_1_194' title='bbox 1219 2916 1271 2959; x_wconf 89' lang='lat' dir='ltr'><strong>stu·</strong></span> 
     </span>
     <span class='ocr_line' id='line_1_26' title="bbox 169 2971 1272 3037; baseline 0.004 -18"><span class='ocrx_word' id='word_1_195' title='bbox 169 2971 218 3025; x_wconf 87' lang='lat' dir='ltr'><strong>diis</strong></span> <span class='ocrx_word' id='word_1_196' title='bbox 254 2974 402 3036; x_wconf 80' lang='lat' dir='ltr'><strong>hilosophiae</strong></span> <span class='ocrx_word' id='word_1_197' title='bbox 420 2975 554 3036; x_wconf 76' lang='lat' dir='ltr'><strong>Epicurea</strong></span> <span class='ocrx_word' id='word_1_198' title='bbox 574 2990 630 3023; x_wconf 83' lang='lat' dir='ltr'><strong>sese</strong></span> <span class='ocrx_word' id='word_1_199' title='bbox 650 2974 786 3035; x_wconf 82' lang='lat' dir='ltr'><strong>addixerit,</strong></span> <span class='ocrx_word' id='word_1_200' title='bbox 803 2988 907 3022; x_wconf 86' lang='lat' dir='ltr'><strong>carmen</strong></span> <span class='ocrx_word' id='word_1_201' title='bbox 926 2980 1012 3023; x_wconf 88' lang='lat' dir='ltr'><strong>tamen</strong></span> <span class='ocrx_word' id='word_1_202' title='bbox 1029 2975 1078 3023; x_wconf 86' lang='lat' dir='ltr'><strong>hoc</strong></span> <span class='ocrx_word' id='word_1_203' title='bbox 1096 2974 1227 3037; x_wconf 85' lang='lat' dir='ltr'><strong>inceptum</strong></span> <span class='ocrx_word' id='word_1_204' title='bbox 1244 2988 1272 3023; x_wconf 88' lang='lat' dir='ltr'><strong>sc</strong></span> 
     </span>
     <span class='ocr_line' id='line_1_27' title="bbox 169 2988 1272 3102; baseline 0 -17"><span class='ocrx_word' id='word_1_205' title='bbox 169 2988 305 3086; x_wconf 52' lang='lat' dir='ltr'><strong>absolvere</strong></span> <span class='ocrx_word' id='word_1_206' title='bbox 317 3040 385 3087; x_wconf 89' lang='lat' dir='ltr'><strong>velle</strong></span> <span class='ocrx_word' id='word_1_207' title='bbox 398 3036 533 3099; x_wconf 83' lang='lat' dir='ltr'><strong>significet,</strong></span> <span class='ocrx_word' id='word_1_208' title='bbox 545 3037 706 3087; x_wconf 79' lang='lat' dir='ltr'><strong>manifestum</strong></span> <span class='ocrx_word' id='word_1_209' title='bbox 718 3045 767 3087; x_wconf 90' lang='lat' dir='ltr'><strong>est.</strong></span> <span class='ocrx_word' id='word_1_210' title='bbox 800 3037 893 3102; x_wconf 82' lang='lat' dir='ltr'><strong>ltaque</strong></span> <span class='ocrx_word' id='word_1_211' title='bbox 904 3053 953 3088; x_wconf 84' lang='lat' dir='ltr'><strong>vrrs.</strong></span> <span class='ocrx_word' id='word_1_212' title='bbox 968 3043 1030 3087; x_wconf 80' lang='grc'><strong>1-8</strong></span> <span class='ocrx_word' id='word_1_213' title='bbox 1047 3040 1079 3086; x_wconf 92' lang='lat' dir='ltr'><strong>ad</strong></span> <span class='ocrx_word' id='word_1_214' title='bbox 1095 3039 1206 3101; x_wconf 85' lang='lat' dir='ltr'><strong>priorem</strong></span> <span class='ocrx_word' id='word_1_215' title='bbox 1218 3052 1272 3086; x_wconf 87' lang='lat' dir='ltr'><strong>sen·</strong></span> 
     </span>
     <span class='ocr_line' id='line_1_28' title="bbox 169 3100 1273 3167; baseline 0.001 -17"><span class='ocrx_word' id='word_1_216' title='bbox 169 3100 259 3150; x_wconf 75' lang='lat' dir='ltr'><strong>tentiae</strong></span> <span class='ocrx_word' id='word_1_217' title='bbox 271 3109 372 3164; x_wconf 86' lang='lat' dir='ltr'><strong>partcrn</strong></span> <span class='ocrx_word' id='word_1_218' title='bbox 385 3111 512 3165; x_wconf 86' lang='lat' dir='ltr'><strong>spectaro,</strong></span> <span class='ocrx_word' id='word_1_219' title='bbox 522 3102 582 3150; x_wconf 89' lang='lat' dir='ltr'><strong>inde</strong></span> <span class='ocrx_word' id='word_1_220' title='bbox 594 3103 701 3151; x_wconf 84' lang='lat' dir='ltr'><strong>alteram</strong></span> <span class='ocrx_word' id='word_1_221' title='bbox 714 3101 786 3167; x_wconf 83' lang='lat' dir='ltr'><strong>sequi</strong></span> <span class='ocrx_word' id='word_1_222' title='bbox 798 3117 904 3151; x_wconf 86' lang='lat' dir='ltr'><strong>necesse</strong></span> <span class='ocrx_word' id='word_1_223' title='bbox 916 3108 964 3152; x_wconf 88' lang='lat' dir='ltr'><strong>est.</strong></span> <span class='ocrx_word' id='word_1_224' title='bbox 1000 3103 1076 3152; x_wconf 92' lang='lat' dir='ltr'><strong>Nunc</strong></span> <span class='ocrx_word' id='word_1_225' title='bbox 1091 3104 1191 3165; x_wconf 74' lang='lat' dir='ltr'><strong>singula</strong></span> <span class='ocrx_word' id='word_1_226' title='bbox 1203 3102 1273 3151; x_wconf 88' lang='lat' dir='ltr'><strong>vide·</strong></span> 
     </span>
     <span class='ocr_line' id='line_1_29' title="bbox 170 3163 1273 3231; baseline 0.003 -18"><span class='ocrx_word' id='word_1_227' title='bbox 170 3163 322 3213; x_wconf 76' lang='lat' dir='ltr'><strong>bimus—l.</strong></span> <span class='ocrx_word' id='word_1_228' title='bbox 338 3167 403 3212; x_wconf 80' lang='lat' dir='ltr'><strong>eurio</strong></span> <span class='ocrx_word' id='word_1_229' title='bbox 420 3181 505 3213; x_wconf 80' lang='lat' dir='ltr'><strong>amore.</strong></span> <span class='ocrx_word' id='word_1_230' title='bbox 541 3167 604 3215; x_wconf 84' lang='lat' dir='ltr'><strong>Cum</strong></span> <span class='ocrx_word' id='word_1_231' title='bbox 625 3166 708 3216; x_wconf 85' lang='lat' dir='ltr'><strong>altero</strong></span> <span class='ocrx_word' id='word_1_232' title='bbox 727 3181 803 3215; x_wconf 87' lang='lat' dir='ltr'><strong>versu</strong></span> <span class='ocrx_word' id='word_1_233' title='bbox 821 3166 928 3215; x_wconf 90' lang='lat' dir='ltr'><strong>eandem</strong></span> <span class='ocrx_word' id='word_1_234' title='bbox 948 3182 1001 3216; x_wconf 90' lang='lat' dir='ltr'><strong>rem</strong></span> <span class='ocrx_word' id='word_1_235' title='bbox 1022 3182 1069 3230; x_wconf 87' lang='lat' dir='ltr'><strong>per</strong></span> <span class='ocrx_word' id='word_1_236' title='bbox 1084 3168 1156 3216; x_wconf 73' lang='lat' dir='ltr'><strong>irrita</strong></span> <span class='ocrx_word' id='word_1_237' title='bbox 1173 3166 1273 3231; x_wconf 72' lang='lat' dir='ltr'><strong>premia</strong></span> 
     </span>
     <span class='ocr_line' id='line_1_30' title="bbox 169 3228 1273 3293; baseline 0.007 -19"><span class='ocrx_word' id='word_1_238' title='bbox 169 3228 236 3289; x_wconf 77' lang='lat' dir='ltr'><strong>calgi</strong></span> <span class='ocrx_word' id='word_1_239' title='bbox 249 3228 380 3286; x_wconf 80' lang='lat' dir='ltr'><strong>declaret3</strong></span> <span class='ocrx_word' id='word_1_240' title='bbox 392 3230 448 3293; x_wconf 82' lang='lat' dir='ltr'><strong>quis</strong></span> <span class='ocrx_word' id='word_1_241' title='bbox 461 3229 564 3278; x_wconf 88' lang='lat' dir='ltr'><strong>dubitet</strong></span> <span class='ocrx_word' id='word_1_242' title='bbox 576 3230 679 3293; x_wconf 70' lang='lat' dir='ltr'><strong>poetam</strong></span> <span class='ocrx_word' id='word_1_243' title='bbox 690 3232 749 3279; x_wconf 79' lang='lat' dir='ltr'><strong>cono</strong></span> <span class='ocrx_word' id='word_1_244' title='bbox 759 3231 835 3279; x_wconf 65' lang='lat' dir='ltr'><strong>hedis</strong></span> <span class='ocrx_word' id='word_1_245' title='bbox 845 3246 923 3279; x_wconf 80' lang='lat' dir='ltr'><strong>ansere</strong></span> <span class='ocrx_word' id='word_1_246' title='bbox 934 3232 1085 3293; x_wconf 81' lang='lat' dir='ltr'><strong>scripsisse?</strong></span> <span class='ocrx_word' id='word_1_247' title='bbox 1117 3233 1160 3281; x_wconf 87' lang='lat' dir='ltr'><strong>lta</strong></span> <span class='ocrx_word' id='word_1_248' title='bbox 1171 3238 1199 3280; x_wconf 93' lang='lat' dir='ltr'><strong>et</strong></span> <span class='ocrx_word' id='word_1_249' title='bbox 1210 3231 1273 3282; x_wconf 89' lang='lat' dir='ltr'><strong>Nic.</strong></span> 
     </span>
     <span class='ocr_line' id='line_1_31' title="bbox 169 3290 1272 3358; baseline 0.004 -17"><span class='ocrx_word' id='word_1_250' title='bbox 169 3290 261 3341; x_wconf 86' lang='lat' dir='ltr'><strong>Heius.</strong></span> <span class='ocrx_word' id='word_1_251' title='bbox 272 3294 401 3355; x_wconf 84' lang='lat' dir='ltr'><strong>emendat,</strong></span> <span class='ocrx_word' id='word_1_252' title='bbox 412 3300 439 3340; x_wconf 88' lang='lat' dir='ltr'><strong>et</strong></span> <span class='ocrx_word' id='word_1_253' title='bbox 450 3300 577 3356; x_wconf 76' lang='lat' dir='ltr'><strong>preterea</strong></span> <span class='ocrx_word' id='word_1_254' title='bbox 587 3296 700 3342; x_wconf 79' lang='lat' dir='ltr'><strong>lactatum</strong></span> <span class='ocrx_word' id='word_1_255' title='bbox 711 3294 782 3358; x_wconf 78' lang='lat' dir='ltr'><strong>legit,</strong></span> <span class='ocrx_word' id='word_1_256' title='bbox 795 3295 868 3344; x_wconf 88' lang='lat' dir='ltr'><strong>bene.</strong></span> <span class='ocrx_word' id='word_1_257' title='bbox 902 3296 918 3323; x_wconf 86' lang='lat'>“</span> <span class='ocrx_word' id='word_1_258' title='bbox 929 3297 1021 3345; x_wconf 83' lang='lat' dir='ltr'><strong>Festus</strong></span> <span class='ocrx_word' id='word_1_259' title='bbox 1032 3313 1038 3345; x_wconf 88' lang='lat'>:</span> <span class='ocrx_word' id='word_1_260' title='bbox 1057 3295 1127 3358; x_wconf 85' lang='lat' dir='ltr'><strong>lacit,</strong></span> <span class='ocrx_word' id='word_1_261' title='bbox 1138 3295 1272 3358; x_wconf 75' lang='lat' dir='ltr'><strong>decipiendo</strong></span> 
     </span>
     <span class='ocr_line' id='line_1_32' title="bbox 168 3355 1273 3422; baseline 0.005 -19"><span class='ocrx_word' id='word_1_262' title='bbox 168 3355 279 3410; x_wconf 75' lang='lat' dir='ltr'><strong>inducit:</strong></span> <span class='ocrx_word' id='word_1_263' title='bbox 301 3357 342 3404; x_wconf 81' lang='lat' dir='ltr'><strong>lax</strong></span> <span class='ocrx_word' id='word_1_264' title='bbox 362 3359 448 3406; x_wconf 71' lang='lat' dir='ltr'><strong>etenim</strong></span> <span class='ocrx_word' id='word_1_265' title='bbox 461 3356 534 3418; x_wconf 74' lang='lat' dir='ltr'><strong>fratte</strong></span> <span class='ocrx_word' id='word_1_266' title='bbox 549 3364 601 3418; x_wconf 83' lang='lat' dir='ltr'><strong>est,·</strong></span> <span class='ocrx_word' id='word_1_267' title='bbox 625 3359 695 3422; x_wconf 80' lang='lat' dir='ltr'><strong>lacit,</strong></span> <span class='ocrx_word' id='word_1_268' title='bbox 712 3361 737 3408; x_wconf 80' lang='lat' dir='ltr'><strong>in</strong></span> <span class='ocrx_word' id='word_1_269' title='bbox 751 3359 864 3421; x_wconf 77' lang='lat' dir='ltr'><strong>fraudem</strong></span> <span class='ocrx_word' id='word_1_270' title='bbox 880 3361 986 3408; x_wconf 67' lang='lat' dir='ltr'><strong>induit:</strong></span> <span class='ocrx_word' id='word_1_271' title='bbox 1006 3363 1068 3409; x_wconf 80' lang='lat' dir='ltr'><strong>unde</strong></span> <span class='ocrx_word' id='word_1_272' title='bbox 1086 3361 1230 3409; x_wconf 45' lang='lat' dir='ltr'><strong>et‘allicere</strong></span> <span class='ocrx_word' id='word_1_273' title='bbox 1249 3367 1273 3409; x_wconf 87' lang='lat' dir='ltr'><strong>et</strong></span> 
     </span>
     <span class='ocr_line' id='line_1_33' title="bbox 169 3419 1271 3489; baseline 0.004 -19"><span class='ocrx_word' id='word_1_274' title='bbox 169 3419 306 3483; x_wconf 82' lang='lat' dir='ltr'><strong>lacessere,</strong></span> <span class='ocrx_word' id='word_1_275' title='bbox 316 3422 370 3470; x_wconf 81' lang='lat' dir='ltr'><strong>inde</strong></span> <span class='ocrx_word' id='word_1_276' title='bbox 382 3423 472 3484; x_wconf 85' lang='lat' dir='ltr'><strong>lactat,</strong></span> <span class='ocrx_word' id='word_1_277' title='bbox 483 3423 594 3486; x_wconf 65' lang='lat' dir='ltr'><strong>illectu,</strong></span> <span class='ocrx_word' id='word_1_278' title='bbox 611 3423 734 3474; x_wconf 83' lang='lat' dir='ltr'><strong>delectat.</strong></span> <span class='ocrx_word' id='word_1_279' title='bbox 761 3431 789 3474; x_wconf 89' lang='lat' dir='ltr'><strong>et</strong></span> <span class='ocrx_word' id='word_1_280' title='bbox 801 3427 903 3488; x_wconf 66' lang='lat' dir='ltr'><strong>mertem.</strong></span> <span class='ocrx_word' id='word_1_281' title='bbox 939 3426 1082 3489; x_wconf 86' lang='lat' dir='ltr'><strong>symmach.</strong></span> <span class='ocrx_word' id='word_1_282' title='bbox 1095 3425 1140 3474; x_wconf 93' lang='lat' dir='ltr'><strong>lib.</strong></span> <span class='ocrx_word' id='word_1_283' title='bbox 1153 3438 1214 3487; x_wconf 87' lang='lat' dir='ltr'><strong>vrrr,</strong></span> <span class='ocrx_word' id='word_1_284' title='bbox 1228 3439 1271 3488; x_wconf 86' lang='lat' dir='ltr'><strong>ep.</strong></span> 
     </span>
     <span class='ocr_line' id='line_1_34' title="bbox 170 3485 1273 3571; baseline 0.003 -37"><span class='ocrx_word' id='word_1_285' title='bbox 170 3488 202 3537; x_wconf 76' lang='grc'><strong>61</strong></span> <span class='ocrx_word' id='word_1_286' title='bbox 222 3485 244 3533; x_wconf 78' lang='lat' dir='ltr'><strong>ri</strong></span> <span class='ocrx_word' id='word_1_287' title='bbox 261 3500 285 3533; x_wconf 86' lang='lat' dir='ltr'><strong>se</strong></span> <span class='ocrx_word' id='word_1_288' title='bbox 302 3501 367 3534; x_wconf 85' lang='lat' dir='ltr'><strong>amor</strong></span> <span class='ocrx_word' id='word_1_289' title='bbox 381 3492 487 3571; x_wconf 29' lang='lat' dir='ltr'><strong>spes-mm</strong></span> <span class='ocrx_word' id='word_1_290' title='bbox 502 3492 530 3562; x_wconf 76' lang='lat' dir='ltr'><strong>et¹</strong></span> <span class='ocrx_word' id='word_1_291' title='bbox 543 3504 573 3537; x_wconf 80' lang='lat' dir='ltr'><strong>ex</strong></span> <span class='ocrx_word' id='word_1_292' title='bbox 589 3494 668 3565; x_wconf 76' lang='lat' dir='ltr'><strong>mutue</strong></span> <span class='ocrx_word' id='word_1_293' title='bbox 684 3488 776 3565; x_wconf 78' lang='lat' dir='ltr'><strong>debitas</strong></span> <span class='ocrx_word' id='word_1_294' title='bbox 794 3491 879 3539; x_wconf 77' lang='lat' dir='ltr'><strong>lactari</strong></span> <span class='ocrx_word' id='word_1_295' title='bbox 897 3492 964 3538; x_wconf 79' lang='lat' dir='ltr'><strong>luade</strong></span> <span class='ocrx_word' id='word_1_296' title='bbox 980 3494 1117 3552; x_wconf 64' lang='lat' dir='ltr'><strong>pateram:</strong></span> <span class='ocrx_word' id='word_1_297' title='bbox 1137 3489 1180 3538; x_wconf 89' lang='lat' dir='ltr'><strong>ubi</strong></span> <span class='ocrx_word' id='word_1_298' title='bbox 1200 3497 1273 3553; x_wconf 85' lang='lat' dir='ltr'><strong>puto,</strong></span> 
     </span>
     <span class='ocr_line' id='line_1_35' title="bbox 170 3552 1274 3692; baseline 0.004 -28"><span class='ocrx_word' id='word_1_299' title='bbox 170 3552 1184 3692; x_wconf 54' lang='lat' dir='ltr'><strong>militettitt?&#39;trederici‘elittitienses?</strong></span> <span class='ocrx_word' id='word_1_300' title='bbox 1192 3561 1274 3669; x_wconf 61' lang='lat' dir='ltr'><strong>litt</strong></span> 
     </span>
     <span class='ocr_line' id='line_1_36' title="bbox 169 3679 1272 3747; baseline 0.005 -19"><span class='ocrx_word' id='word_1_301' title='bbox 169 3694 242 3743; x_wconf 72' lang='lat' dir='ltr'><strong>neque</strong></span> <span class='ocrx_word' id='word_1_302' title='bbox 261 3696 297 3728; x_wconf 86' lang='lat' dir='ltr'><strong>mc</strong></span> <span class='ocrx_word' id='word_1_303' title='bbox 312 3681 384 3740; x_wconf 75' lang='lat' dir='ltr'><strong>juvat</strong></span> <span class='ocrx_word' id='word_1_304' title='bbox 399 3679 464 3739; x_wconf 79' lang='lat' dir='ltr'><strong>falsu</strong></span> <span class='ocrx_word' id='word_1_305' title='bbox 484 3682 605 3733; x_wconf 78' lang='lat' dir='ltr'><strong>lectatio.”</strong></span> <span class='ocrx_word' id='word_1_306' title='bbox 646 3684 833 3734; x_wconf 85' lang='lat' dir='ltr'><strong>lilitsclrerliclr.</strong></span> <span class='ocrx_word' id='word_1_307' title='bbox 854 3698 880 3732; x_wconf 82' lang='lat' dir='ltr'><strong>v.</strong></span> <span class='ocrx_word' id='word_1_308' title='bbox 892 3696 916 3731; x_wconf 89' lang='lat' dir='ltr'><strong>c.</strong></span> <span class='ocrx_word' id='word_1_309' title='bbox 936 3684 1009 3733; x_wconf 87' lang='lat' dir='ltr'><strong>Lect.</strong></span> <span class='ocrx_word' id='word_1_310' title='bbox 1031 3697 1057 3732; x_wconf 87' lang='lat' dir='ltr'><strong>rn</strong></span> <span class='ocrx_word' id='word_1_311' title='bbox 1078 3684 1173 3733; x_wconf 84' lang='lat' dir='ltr'><strong>Catuli.</strong></span> <span class='ocrx_word' id='word_1_312' title='bbox 1195 3699 1220 3747; x_wconf 85' lang='lat' dir='ltr'><strong>p.</strong></span> <span class='ocrx_word' id='word_1_313' title='bbox 1240 3688 1272 3733; x_wconf 84' lang='grc'><strong>18</strong></span> 
     </span>
    </p>
   </div>
   <div class='ocr_carea' id='block_1_7' title="bbox 170 3813 1274 4126">
    <p class='ocr_par' dir='ltr' id='par_1_7' title="bbox 170 3813 1274 4126">
     <span class='ocr_line' id='line_1_37' title="bbox 667 3813 772 3865; baseline -0.01 -1"><span class='ocrx_word' id='word_1_314' title='bbox 667 3813 772 3865; x_wconf 79' lang='lat' dir='ltr'><strong>NOTAE</strong></span> 
     </span>
     <span class='ocr_line' id='line_1_38' title="bbox 174 3906 1274 3974; baseline 0.002 -19"><span class='ocrx_word' id='word_1_315' title='bbox 174 3923 177 3926; x_wconf 49' lang='lat'><strong>⁴</strong></span> <span class='ocrx_word' id='word_1_316' title='bbox 203 3906 268 3955; x_wconf 84' lang='lat' dir='ltr'><strong>Cum</strong></span> <span class='ocrx_word' id='word_1_317' title='bbox 283 3906 421 3958; x_wconf 85' lang='lat' dir='ltr'><strong>difficultas</strong></span> <span class='ocrx_word' id='word_1_318' title='bbox 438 3910 513 3974; x_wconf 91' lang='lat' dir='ltr'><strong>hujus</strong></span> <span class='ocrx_word' id='word_1_319' title='bbox 529 3911 648 3960; x_wconf 85' lang='lat' dir='ltr'><strong>carminis</strong></span> <span class='ocrx_word' id='word_1_320' title='bbox 665 3911 702 3959; x_wconf 89' lang='lat' dir='ltr'><strong>in·</strong></span> <span class='ocrx_word' id='word_1_321' title='bbox 775 3915 838 3961; x_wconf 79' lang='grc'><strong>1-1</strong></span> <span class='ocrx_word' id='word_1_322' title='bbox 856 3911 897 3973; x_wconf 86' lang='lat' dir='ltr'><strong>Se,</strong></span> <span class='ocrx_word' id='word_1_323' title='bbox 908 3911 1019 3974; x_wconf 84' lang='lat' dir='ltr'><strong>abjectis</strong></span> <span class='ocrx_word' id='word_1_324' title='bbox 1031 3911 1061 3960; x_wconf 87' lang='lat' dir='ltr'><strong>iis</strong></span> <span class='ocrx_word' id='word_1_325' title='bbox 1072 3909 1274 3974; x_wconf 86' lang='lat' dir='ltr'><strong>studiis,qrribns</strong></span> 
     </span>
     <span class='ocr_line' id='line_1_39' title="bbox 170 3984 1274 4052; baseline 0.005 -23"><span class='ocrx_word' id='word_1_326' title='bbox 170 3984 495 4052; x_wconf 88' lang='lat' dir='ltr'><strong>terpretsndiplerumqne</strong></span> <span class='ocrx_word' id='word_1_327' title='bbox 511 4002 544 4037; x_wconf 86' lang='lat' dir='ltr'><strong>ex</strong></span> <span class='ocrx_word' id='word_1_328' title='bbox 562 3989 702 4051; x_wconf 82' lang='lat' dir='ltr'><strong>depravata</strong></span> <span class='ocrx_word' id='word_1_329' title='bbox 742 3986 812 4050; x_wconf 89' lang='lat' dir='ltr'><strong>apud</strong></span> <span class='ocrx_word' id='word_1_330' title='bbox 839 3988 931 4051; x_wconf 82' lang='lat' dir='ltr'><strong>vulgus</strong></span> <span class='ocrx_word' id='word_1_331' title='bbox 959 3989 1128 4037; x_wconf 86' lang='lat' dir='ltr'><strong>inclarescere</strong></span> <span class='ocrx_word' id='word_1_332' title='bbox 1155 3986 1274 4048; x_wconf 83' lang='lat' dir='ltr'><strong>voluerit,</strong></span> 
     </span>
     <span class='ocr_line' id='line_1_40' title="bbox 171 4057 1273 4126; baseline 0.006 -22"><span class='ocrx_word' id='word_1_333' title='bbox 171 4057 283 4107; x_wconf 87' lang='lat' dir='ltr'><strong>lectione</strong></span> <span class='ocrx_word' id='word_1_334' title='bbox 292 4061 484 4122; x_wconf 84' lang='lat' dir='ltr'><strong>proficiscatur:</strong></span> <span class='ocrx_word' id='word_1_335' title='bbox 497 4064 530 4113; x_wconf 85' lang='lat' dir='ltr'><strong>sd</strong></span> <span class='ocrx_word' id='word_1_336' title='bbox 540 4063 642 4113; x_wconf 86' lang='lat' dir='ltr'><strong>criticas</strong></span> <span class='ocrx_word' id='word_1_337' title='bbox 651 4065 702 4112; x_wconf 85' lang='lat' dir='ltr'><strong>ani·</strong></span> <span class='ocrx_word' id='word_1_338' title='bbox 742 4062 909 4126; x_wconf 68' lang='lat' dir='ltr'><strong>philosophie</strong></span> <span class='ocrx_word' id='word_1_339' title='bbox 920 4064 1026 4126; x_wconf 87' lang='lat' dir='ltr'><strong>Epicuri</strong></span> <span class='ocrx_word' id='word_1_340' title='bbox 1037 4077 1142 4125; x_wconf 86' lang='lat' dir='ltr'><strong>operam</strong></span> <span class='ocrx_word' id='word_1_341' title='bbox 1154 4063 1216 4112; x_wconf 86' lang='lat' dir='ltr'><strong>dare</strong></span> <span class='ocrx_word' id='word_1_342' title='bbox 1228 4063 1273 4112; x_wconf 86' lang='lat' dir='ltr'><strong>ait.</strong></span> 
     </span>
    </p>
   </div>
   <div class='ocr_carea' id='block_1_8' title="bbox 170 4131 1274 4275">
    <p class='ocr_par' dir='ltr' id='par_1_8' title="bbox 170 4131 1274 4275">
     <span class='ocr_line' id='line_1_41' title="bbox 170 4131 1274 4205; baseline 0.006 -25"><span class='ocrx_word' id='word_1_343' title='bbox 170 4131 360 4186; x_wconf 82' lang='lat' dir='ltr'><strong>madrersiones</strong></span> <span class='ocrx_word' id='word_1_344' title='bbox 370 4140 493 4204; x_wconf 89' lang='lat' dir='ltr'><strong>pleraque</strong></span> <span class='ocrx_word' id='word_1_345' title='bbox 504 4141 613 4205; x_wconf 84' lang='lat' dir='ltr'><strong>rejicere</strong></span> <span class='ocrx_word' id='word_1_346' title='bbox 624 4140 701 4191; x_wconf 88' lang='lat' dir='ltr'><strong>ethic</strong></span> <span class='ocrx_word' id='word_1_347' title='bbox 743 4137 820 4186; x_wconf 87' lang='lat' dir='ltr'><strong>Color</strong></span> <span class='ocrx_word' id='word_1_348' title='bbox 836 4138 959 4187; x_wconf 87' lang='lat' dir='ltr'><strong>orationis</strong></span> <span class='ocrx_word' id='word_1_349' title='bbox 971 4137 1059 4186; x_wconf 89' lang='lat' dir='ltr'><strong>similis</strong></span> <span class='ocrx_word' id='word_1_350' title='bbox 1069 4145 1110 4187; x_wconf 90' lang='lat' dir='ltr'><strong>est</strong></span> <span class='ocrx_word' id='word_1_351' title='bbox 1127 4138 1274 4188; x_wconf 85' lang='lat' dir='ltr'><strong>Catulliana</strong></span> 
     </span>
     <span class='ocr_line' id='line_1_42' title="bbox 170 4207 1273 4275; baseline 0.004 -17"><span class='ocrx_word' id='word_1_352' title='bbox 170 4221 277 4258; x_wconf 87' lang='lat' dir='ltr'><strong>necesse</strong></span> <span class='ocrx_word' id='word_1_353' title='bbox 288 4207 346 4260; x_wconf 87' lang='lat' dir='ltr'><strong>fuit.</strong></span> <span class='ocrx_word' id='word_1_354' title='bbox 743 4212 850 4262; x_wconf 89' lang='lat' dir='ltr'><strong>carmini</strong></span> <span class='ocrx_word' id='word_1_355' title='bbox 866 4225 931 4262; x_wconf 80' lang='lat' dir='ltr'><strong>axrv</strong></span> <span class='ocrx_word' id='word_1_356' title='bbox 952 4212 1056 4266; x_wconf 65' lang='lat' dir='ltr'><strong>Etrioac</strong></span> <span class='ocrx_word' id='word_1_357' title='bbox 1075 4212 1167 4262; x_wconf 71' lang='lat' dir='ltr'><strong>amidae</strong></span> <span class='ocrx_word' id='word_1_358' title='bbox 1183 4211 1273 4275; x_wconf 59' lang='lat' dir='ltr'><strong>wasco</strong></span> 
     </span>
    </p>
   </div>
   <div class='ocr_carea' id='block_1_9' title="bbox 0 0 1377 4686">
    <p class='ocr_par' dir='ltr' id='par_1_9' title="bbox 0 0 1377 4686">
     <span class='ocr_line' id='line_1_43' title="bbox 0 0 1377 4686; baseline 0 0"><span class='ocrx_word' id='word_1_359' title='bbox 0 0 1377 4686; x_wconf 95' lang='lat' dir='ltr'><strong> </strong></span> 
     </span>
    </p>
   </div>
  </div>
 </body>
</html>
