2730 4686
699 303 787 379 W

191 470 360 541 hominnm
369 466 465 551 nugis
477 466 538 533 illa
550 464 748 550 interpolata
770 465 826 543 sit,
840 463 920 549 qnid
933 459 1062 532 veteres
1075 462 1295 555 Gmnrmatict

186 573 419 661 judicaverint,
444 569 618 635 difficulter
643 567 719 632 inde
744 568 879 633 eruitur.
924 564 970 632 A.
994 564 1146 650 Septimio
1166 555 1295 650 Serene,

190 674 303 762 poete
327 673 472 750 Falisco,
495 671 538 736 de
552 690 618 755 quo
632 670 691 753 qni
712 670 904 754 scripserint
925 670 1091 735 recensuit
1111 669 1293 738 Burmann.

191 779 237 859 ed
250 776 382 842 Androl.
398 775 473 842 Lat
488 775 545 838 lib.
562 791 573 837 r
588 793 643 857 ep.
658 773 701 838 27
716 771 947 836 ascribendum
965 791 1040 836 esse
1057 773 1296 861 suspicabatur

191 878 436 961 Scaligettnm
457 875 612 940 Barthins
637 872 779 941 Advers.
802 890 932 952 xxxv,
958 875 1032 940 Set-
1052 875 1098 939 el.
1120 873 1296 961 loc.,qnia

190 980 353 1066 opuscula
366 979 422 1042 ille
439 978 564 1042 rustica
576 975 627 1061 (et
649 977 724 1043 boec
742 975 843 1041 unica
867 995 972 1041 cansa
993 974 1143 1060 affertur)
1156 997 1295 1063 compo·

191 1085 298 1151 mse
322 1082 458 1147 dicitnr:
491 1099 594 1163 nuper
608 1085 719 1144 antem
743 1078 958 1145 doctissimus
980 1079 1091 1144 editor
1111 1077 1295 1147 Poetarum

189 1186 352 1256 minomm
366 1181 612 1248 Wernsdorfins
626 1181 668 1248 T.
682 1181 794 1248 usiae
803 1181 1008 1254 haesitatione
1022 1181 1146 1246 Saeuo
1160 1200 1295 1249 carmen

188 1287 253 1355 hac
267 1285 462 1362 vindicavit,
476 1289 633 1367 tanquam
647 1291 776 1369 partem
797 1286 940 1368 priorem
956 1280 1183 1367 Opusculcrum
1205 1305 1295 1348 rura-

189 1386 286 1455 lium.-
306 1389 371 1453 etsi
392 1386 467 1452 brec
491 1387 595 1471 lyrico
616 1388 763 1452 carmine
776 1387 878 1460 variis
900 1386 1014 1451 metris
1037 1386 1294 1457 exerutafinsse

187 1494 423 1568 morantem
444 1488 553 1572 poturit
563 1489 654 1552 enim
667 1488 824 1572 praemitti
834 1506 965 1552 carmen
975 1487 1039 1554 boc
1051 1487 1292 1564 hexametrum,

187 1591 305 1665 ltu'ud
317 1589 516 1673 Vespasiani
540 1594 692 1674 tempere
714 1588 797 1655 illud
824 1588 979 1674 rejicitur.
1024 1587 1188 1655 Monitrnn
1210 1591 1294 1657 illrui

187 1712 321 1779 quoqne
333 1693 448 1758 avitis
462 1691 570 1757 doctis
584 1697 648 1770 est,
660 1693 821 1776 scripum
827 1691 902 1775 jam
915 1712 937 1758 a
952 1688 1065 1754 Suecio
1079 1691 1187 1756 inisse
1202 1692 1294 1778 idyl·

186 1797 268 1863 linm
282 1794 461 1870 Horetum,
474 1812 597 1876 exque
611 1792 795 1858 versicrdos
807 1793 931 1876 profert
942 1792 1139 1870 Macrobii
1154 1793 1227 1858 Sat.
1237 1794 1292 1871 14,

188 1897 249 1963 scd
258 1895 440 1962 admodum
453 1894 616 1971 horridos,
631 1895 661 1958 si
676 1913 752 1959 cem
765 1899 881 1959 nostro
897 1893 1029 1960 Moreto
1042 1895 1239 1969 contendas.

220 1998 426 2064 lectionem
439 1997 474 2060 in
489 1996 635 2080 antiquis
657 1995 734 2059 edd.
749 1993 817 2059 fere
842 1994 960 2060 eodem
982 1995 1081 2059 modo
1104 2003 1292 2080 corruptam

108 2161 113 2169 ,
187 2099 279 2166 vidi:
301 2099 364 2162 etsi
379 2099 487 2161 minus
502 2096 664 2162 foedatum
687 2101 720 2158 et
740 2095 972 2178 interpolatum
983 2115 1071 2179 opus
1085 2094 1128 2158 ad
1143 2115 1206 2160 nos
1219 2118 1292 2182 per·

185 2201 290 2276 vnit,
305 2217 407 2280 qnam
419 2203 541 2262 cetera.
570 2195 719 2260 Primum
733 2197 917 2270 institrrtam
931 2200 1157 2276 recensionem
1169 2219 1291 2276 novam

186 2299 384 2386 rbprelrendi
397 2299 433 2362 in
448 2296 573 2362 Aldina
595 2299 682 2365 1517
703 2296 965 2363 Catelecterum:
989 2319 1031 2365 ea
1045 2299 1291 2368 fundamennrn

183 2399 277 2469 tana
290 2401 543 2467 correctioribus
558 2399 775 2478 editionibns;
795 2417 983 2465 successere
992 2405 1105 2464 tamen
1117 2400 1195 2466 aliae
1210 2403 1291 2467 enti-

184 2520 285 2587 qm
298 2502 473 2566 lectionem
484 2501 668 2578 retinentes,
679 2500 783 2565 etiarn
802 2500 1025 2583 Scaligerana.
1071 2500 1291 2588 Quandoqui-

185 2600 262 2669 ἀει
284 2603 320 2666 in
343 2602 409 2666 hoc
431 2600 602 2685 poematio
624 2621 690 2667 non
712 2601 917 2667 habebamus
933 2604 1119 2687 exemplar,
1135 2603 1227 2687 qnod
1246 2625 1291 2671 ex

184 2702 341 2769 addicto
355 2702 449 2786 sequi
459 2722 597 2767 necesse
607 2708 709 2784 essee
731 2704 765 2767 in
779 2702 974 2769 Heinsianis
988 2705 1120 2769 enimet
1132 2705 1292 2770 Burman-

184 2805 295 2871 n'nnis
306 2824 372 2869 non
386 2810 494 2884 extat3
525 2805 664 2869 liberum
677 2804 776 2868 nobis
795 2805 946 2869 relictum
960 2805 1128 2882 duximus
1137 2812 1181 2872 nt
1195 2806 1291 2875 tecti·

184 2913 283 2972 mr
306 2906 373 2988 ipsi
392 2907 677 2988 consumeremus,
692 2903 818 2970 Aldina
842 2911 877 2969 et
896 2905 1113 2989 Scaligerana
1137 2908 1291 2987 emenda

184 3007 348 3090 thepro
361 3006 463 3071 fundo
476 3006 604 3089 posita.»
627 3006 708 3070 Non
719 3013 812 3069 erant
824 3006 868 3070 ed
882 3027 998 3071 rnenns
1009 2998 1173 3074 editiones
1186 3010 1290 3089 binae,

71 3106 75 3115 ’
184 3109 307 3191 quinus
324 3107 491 3172 Moretum
509 3107 676 3188 sigillatim
689 3105 824 3188 prodiit,
841 3105 1038 3183 Colinacana
1052 3110 1151 3188 1542,
1164 3111 1202 3188 8„
1215 3131 1293 3190 cnm

181 3207 239 3273 Jn.
264 3207 390 3271 Ruellii
415 3208 560 3283 scholiis,
585 3214 626 3274 et,
643 3207 934 3273 Francofnrtensis
959 3212 1057 3288 1626,
1075 3232 1153 3281 otuu
1176 3212 1291 3286 Teub-

181 3308 292 3374 marmi
311 3308 565 3385 commutarim
596 3309 695 3372 aliam
719 3328 797 3371 curn
821 3309 908 3374 notis
931 3309 1068 3378 Weitzii
1094 3311 1151 3375 nd.
1164 3313 1290 3378 calcem

182 3407 288 3494 Gopae
313 3408 465 3474 Francos.
492 3408 590 3485 1642,
612 3410 646 3474 8.
671 3412 822 3493 inspexi3
853 3418 886 3482 et
912 3419 1057 3477 veterem
1084 3414 1165 3478 edit.
1191 3415 1289 3499 Lips.

180 3509 337 3576 llbsnner
358 3511 445 3575 1519
459 3531 536 3575 curn
555 3509 654 3595 Copa
667 3519 700 3577 et
713 3515 789 3581 aliis
811 3516 874 3580 sub
897 3517 947 3581 tit.
966 3511 1010 3579 P.
1031 3510 1160 3600 Virgilii
1175 3514 1290 3580 Mare-

181 3611 241 3689 rt'r,
259 3611 423 3697 peltarum
440 3611 584 3692 Achillis,
609 3615 778 3683 minutiora
804 3614 1124 3701 opuscula-(Aliam
1146 3625 1290 3693 veterem

178 3715 355 3782 editionem
379 3716 504 3783 Moreti
525 3717 758 3785 Coloniensem
776 3729 958 3784 memorant
982 3720 1090 3783 Denis
1113 3719 1287 3802 Supplem.

180 3835 217 3900 p.
230 3819 294 3884 691
310 3826 344 3884 et
357 3818 485 3885 Panser
499 3821 576 3884 Vol.
593 3838 619 3896 1,
640 3842 676 3903 p.
689 3821 771 3886 334.
790 3819 885 3905 433.)
928 3822 995 3910 Sed
1017 3841 1079 3885 nec
1097 3826 1180 3897 emt,
1197 3823 1289 3905 quod

179 3919 284 3984 multo
306 3920 381 3984 inde
405 3922 532 4003 sperari
557 3931 705 4004 possent,
721 3941 796 4003 quse
822 3942 887 3988 non
912 3923 1043 3987 aliunde
1064 3928 1288 4006 suppeterent,

179 4017 330 4102 inprimis
344 4041 389 4085 ex
404 4023 553 4100 Barthio,
563 4025 618 4106 qni
634 4023 859 4090 inAdrerser.
883 4043 1012 4102 xxxv,
1028 4025 1060 4092 8.
1078 4023 1198 4101 11616,
1208 4043 1289 4089 non-

177 4119 270 4185 nubs
280 4122 359 4191 loca
371 4125 488 4207 attigit.
526 4124 611 4190 Post
624 4127 767 4208 priorem
776 4146 886 4192 mecm
901 4127 1081 4193 editionem
1095 4127 1289 4195 manserit
