2730 4686
603 332 718 387 critis.
733 371 751 392 =,
783 371 785 376 .
844 374 847 380 .

96 479 222 566 Μιιςιιιι
237 482 409 567 Giganteis
422 481 691 565 ommturpepla
704 480 842 564 tropaeis
853 498 862 560 3

95 583 243 648 Horrida
258 583 436 665 sanguineo
451 583 627 666 pinguntur
638 582 758 665 praelia
772 600 895 660 cocco3

95 684 238 748 Additur
252 690 369 749 amata
383 683 532 766 dejectus
540 682 687 766 ,cuspide
701 682 842 766 Typho,
880 728 899 750 ,.

97 783 164 862 Qui
179 788 284 869 prius,
300 784 431 850 Ossaeis
446 791 657 849 constemens
673 784 796 849 aethera
810 784 917 861 saxis,

97 886 251 951 Emathio
266 888 392 952 celsum
406 887 603 969 duplicabat
616 889 738 951 vertice
754 885 946 970 Olympum.
961 946 980 959 ,.

96 988 179 1054 Tale
196 989 280 1054 Deae
296 989 406 1052 velum
420 991 544 1054 solenni
559 991 754 1071 intempore
771 995 914 1070 portant.

96 1089 173 1154 Tali
189 1099 220 1155 te
236 1091 366 1167 vellem,
378 1091 537 1173 juvenum
551 1090 753 1165 doctissime,
770 1089 835 1152 ritu

96 1190 285 1275 Purpureos
301 1194 385 1255 inter
399 1191 493 1256 Solcs
509 1199 543 1257 ct
557 1191 700 1256 candida
716 1191 821 1254 Lunae

98 1292 226 1370 Sidera,
242 1293 395 1356 coernleis
410 1295 522 1356 orbem
536 1294 707 1376 pulsantia
722 1293 822 1372 bigis,

98 1392 237 1457 Naturae
252 1412 356 1456 rerum
370 1394 497 1475 magnis
512 1396 659 1456 intexere
674 1392 798 1456 chartis
811 1412 820 1471 ;
855 1448 857 1453 .

100 1495 270 1560 AEternum
285 1495 420 1578 Sophiae
436 1497 643 1580 conjunctum
659 1495 804 1558 carmine
822 1507 942 1558 nomen

100 1594 227 1661 Nostra
240 1602 332 1660 tuum
347 1596 482 1659 senibus
496 1596 685 1678 loqueretur
699 1596 825 1678 pagina
840 1595 964 1659 saeclis

560 1776 574 1795 Ο
577 1777 662 1796 ‘OM‘
665 1776 738 1795 ‘ONO

101 1891 340 1940 lisl‘etaliaecnm
351 1888 454 1940 Aldina.
488 1885 628 1940 Malcaliae
642 1897 707 1941 vett.
721 1890 780 1940 edd.
797 1893 966 1955 templu-sl.
984 1902 1057 1940 coeco.
1092 1889 1127 1940 At
1137 1888 1228 1940 ‘Ald.*

100 1971 175 2004 rucco.
215 1955 258 2004 Sic
278 1963 304 2004 et
327 1963 402 2004 vetus
422 1954 505 2003 editio
529 1956 597 2018 apnd
618 1956 743 2005 Loe'usem
765 1956 787 2003 E
807 1956 895 2018 iphyll.
913 1969 979 2016 vrri,
995 1959 1112 2004 mesi.
1133 1955 1208 2015 aare

99 2025 139 2068 tus
149 2018 245 2068 Aldina
256 2019 421 2068 emendatum
433 2018 514 2068 dedit.
547 2021 649 2069 dele'ctus
664 2027 730 2069 vett.
748 1971 807 2069 edil
825 2035 882 2068 curu
901 2019 977 2070 codd.
1010 2021 1098 2068 deletur
1111 2017 1212 2074 Ledus.

100 2083 172 2160 ibid,
189 2084 257 2148 quod
272 2085 380 2159 placere
394 2098 444 2131 uon
462 2083 576 2133 debebat
592 2084 806 2134 Drakenborchio
824 2085 855 2133 nd
876 2085 963 2133 Silium
977 2096 1017 2148 rx,
1032 2089 1072 2133 ³9.
1105 2084 1206 2134 truta...

94 2147 197 2207 sulm
220 2162 289 2211 conj.
313 2148 482 2208 Frisemann,
499 2148 568 2212 qnod
590 2163 651 2198 sune
675 2157 702 2198 et
725 2149 806 2211 ipsum
828 2150 880 2198 dici
902 2156 1003 2212 possen
1032 2149 1076 2198 sed
1098 2150 1145 2197 boc
1165 2153 1207 2198 eet

100 2211 207 2324 vulpiam,
223 2212 450 2332 ιιοιῑιωιὶιιιἓιέιιιιιᾶἷΙΙ
471 2218 555 2261 aurata
575 2214 671 2289 cuspide
687 2213 768 2326 Ιρῐιιέξῑιι
787 2213 1124 2327 ἀίιιὶἑαιειμεοῑιιάιειὲιιιιιω
1141 2213 1208 2326 cotlno·

100 2290 120 2324 rr
139 2291 168 2325 us
187 2291 257 2324 varra
295 2304 334 2324 .—
371 2312 376 2325 .
469 2291 577 2326 summ
596 2292 665 2327 con.
715 2292 778 2326 erus.
813 2294 839 2325 co
879 2292 1021 2327 emente.
1074 2293 1112 2327 or.
1131 2292 1163 2326 ve
1194 2290 1207 2327 r

101 2341 169 2404 apud
189 2341 281 2390 Barth.
300 2341 410 2390 Advers.
427 2353 455 2404 x,
476 2293 591 2391 ll-ss.
616 2293 708 2391 solem
727 2342 786 2390 cdd.
806 2343 942 2393 nonnullae.
975 2343 1001 2390 is
1019 2342 1094 2391 abest
1112 2329 1221 2390 Ald.-'

100 2408 174 2454 -88,
192 2405 263 2466 bigis.
296 2406 340 2454 Itu
357 2405 431 2454 video
451 2407 562 2465 primum
583 2405 681 2454 editum
701 2407 727 2454 in
749 2405 808 2454 Ald.
841 2405 878 2456 At
896 2415 998 2455 veteres
1010 2406 1080 2468 edd,
1091 2413 1120 2454 ut
1139 2406 1206 2455 Ven.

100 2473 163 2518 1⁴84
184 2476 213 2518 et
231 2470 296 2527 alire,
315 2483 373 2517 cum
396 2470 447 2516 Ms.
467 2469 545 2517 Basil.
562 2469 648 2529 signis,
665 2484 810 2533 perperam.
847 2471 968 2519 Barthins
986 2484 1018 2518 ex
1036 2478 1089 2518 vet.
1107 2469 1207 2518 edsna

100 2533 193 2582 Lodns.
204 2546 258 2581 vrrr
271 2532 404 2596 Epipbyll.
413 2536 445 2580 24
457 2531 546 2581 laudat
558 2541 597 2594 p'r.
609 2532 673 2581 edit.
690 2534 771 2595 ιιιιιιίι,
781 2541 809 2583 et
818 2532 879 2582 inde
889 2535 957 2596 conj.
973 2534 1049 2582 mulis.
1083 2533 1154 2582 Nihil
1166 2539 1208 2583 est

100 2596 177 2646 facile
189 2604 241 2645 turn
253 2596 402 2656 absurdum,
413 2597 480 2660 quod
490 2610 541 2645 non
553 2597 652 2645 Critico
663 2596 689 2644 in
705 2600 817 2645 mcutein
836 2598 1021 2646 veneris-ro.
1039 2599 1164 2645 AElmurm
1180 2601 1208 2645 ut

101 2660 194 2726 Sophia
206 2661 300 2711 Ludus.
320 2662 338 2711 l.
360 2675 383 2710 c.
406 2675 421 2709 e
441 2667 494 2709 vet.
512 2659 590 2721 edit.;
608 2660 695 2709 malim
713 2665 736 2709 et
757 2660 853 2723 legere.
888 2660 980 2709 Heius.
993 2674 1042 2708 em.
1054 2662 1154 2708 AEteruo
1166 2659 1207 2708 rel

596 2798 708 2850 NOTAE

101 2902 170 2953 coni.
189 2903 223 2952 sd
241 2920 279 2953 vs.
300 2909 340 2954 21.
374 2905 503 2966 Giganteis
518 2904 633 2968 impetu
672 2919 690 2953 v
700 2902 749 2968 (cf.
763 2904 908 2953 comment.
919 2903 978 2953 Soc.
992 2902 1111 2967 Gotting.
1122 2903 1152 2951 Τ.
1163 2911 1219 2968 rv,·'·

100 2980 189 3042 praelio
201 2985 229 3028 et
238 2980 350 3028 victoris
361 2979 394 3028 dc
405 2979 560 3044 Gigantibus
572 2979 632 3028 Pu-
673 2982 704 3031 P.
716 2996 748 3044 rr,
759 2976 785 3044 p.
797 2986 835 3030 82.
846 2985 877 3029 8³
888 2980 953 3042 not.)
976 2980 1103 3028 Emutliru
1113 2984 1208 3044 calex,

102 3056 171 3105 laute
192 3063 220 3106 et
238 3055 353 3105 Echione
372 3055 556 3120 Enceladoque
575 3069 632 3118 pro·
673 3055 766 3105 Pelion
774 3070 831 3105 esse
840 3055 928 3117 debet,
937 3055 1050 3119 Olympo
1061 3055 1085 3103 b.
1097 3055 1114 3104 l.
1127 3055 1207 3126 impo-t

100 3132 188 3181 stratis
210 3131 325 3195 inprimis
349 3131 408 3179 Dea
429 3135 481 3178 tum
505 3126 632 3181 inclaruit.
674 3130 1032 3196 situs‚utGe.r,28105sae.
1203 3127 1206 3131 ’

98 3209 239 3270 pinguntur,
257 3207 548 3270 quodvultitexuatur.
582 3198 633 3269 'l'y-
706 3215 739 3259 su
757 3209 812 3258 Tuli
823 3210 882 3271 rito,
898 3207 946 3257 boc
967 3206 1041 3255 modo
1061 3207 1098 3256 ait
1118 3211 1209 3257 unctor

101 3284 151 3346 pbo
170 3282 212 3332 vel
234 3281 381 3345 Typhoeus,
402 3281 531 3330 diversum
554 3296 569 3330 a
589 3282 635 3332 Gi·
674 3287 742 3334 velle
754 3300 790 3344 se,
803 3294 925 3349 tanquam
937 3286 1050 3349 peplum,
1062 3298 1166 3333 carmen
1175 3282 1209 3334 de
1307 3301 1310 3304 ·

102 3357 222 3420 gentibus
241 3364 392 3417 monstrum,
412 3371 482 3418 saepe
503 3356 633 3406 tamenin
674 3375 758 3410 rernm
770 3369 864 3411 natura
881 3361 996 3410 scribere
1015 3361 1091 3425 cique
1113 3362 1210 3410 Messa·

102 3446 189 3481 eornm
201 3431 429 3495 censumapoiitis
442 3432 560 3492 relatum,
577 3446 635 3494 pro·
673 3438 706 3486 1ae
728 3453 820 3487 nomen
843 3438 969 3487 intexere.
1003 3440 1043 3484 37.
1068 3440 1108 3485 38.
1126 3437 1209 3496 Luna,

101 3508 223 3558 cellarum
251 3516 279 3557 et
305 3509 443 3568 turbinum,
466 3522 576 3572 cumque
603 3508 634 3556 iis
675 3525 731 3574 qrrae
745 3511 875 3561 invehitur
886 3525 933 3574 per
952 3511 1044 3559 coelum
1064 3510 1137 3572 bigis.
1170 3508 1211 3559 si·

101 3582 274 3632 eructantium
295 3582 366 3647 ignes
388 3583 513 3632 montium
533 3581 635 3646 symbo-
674 3587 732 3633 dero
744 3601 790 3648 pro
803 3585 896 3646 sidero,
917 3587 1058 3647 etputsare
1079 3585 1111 3632 de
1133 3599 1211 3633 curru

102 3658 153 3707 lum
163 3657 226 3707 sotis
237 3655 437 3721 frequentatum,
455 3659 516 3707 alius
535 3672 551 3705 a
567 3657 635 3707 Jove
675 3674 719 3709 seu
732 3661 806 3724 equis
814 3674 893 3708 curru
905 3666 991 3708 tracto
999 3659 1081 3707 solum
1093 3660 1211 3722 qustum,

102 3739 259 3795 prostratum
270 3732 368 3780 nsrrari
380 3733 463 3782 solet:
481 3748 539 3797 qnae
551 3732 635 3781 velex
676 3736 745 3785 ribus
758 3736 871 3783 solenne.
892 3747 1024 3797 perpacem
1035 3747 1081 3796 pro
1093 3733 1211 3796 pulcher,

102 3808 261 3874 Apollodoro
280 3815 376 3858 teneus.
411 3809 536 3857 Minerva
555 3806 583 3856 in
604 3824 636 3858 ea
675 3813 797 3879 frequens
809 3813 903 3877 positis.
1205 3836 1212 3868 ς

103 3888 214 3938 victoria
234 3896 322 3951 partes
342 3888 420 3936 etiam
443 3885 568 3935 Horatius
589 3886 635 3936 tri·
707 3897 748 3942 ⁴⁰.
765 3895 796 3941 41
816 3892 907 3939 Nomen
918 3893 993 3949 mum,
1007 3887 1154 3947 conjunctum
1169 3887 1211 3943 Se,

104 3965 183 4015 bnere
196 3965 298 4013 videtur
310 3964 335 4012 in
347 3971 410 4011 noro
426 3963 482 4010 ioco
495 3961 581 4012 Carm.
592 3975 636 4027 ιιι,
673 3968 745 4032 phioe,
758 3968 869 4029 carmine,
887 3967 927 4030 (b.
946 3963 1043 4012 nomini
1063 3962 1163 4026 Sophite
1185 3962 1211 4012 in

102 4047 127 4106 4,
145 4047 185 4093 5³.
219 4044 296 4091 Stans
313 4056 371 4091 cum
389 4041 463 4089 basta
482 4040 562 4104 capiti
580 4055 637 4104 pro·
678 4041 1231 4105 οιιιιιιίιιιι),ιιιι3ιίιιιιοιτιιιΙιιγιιινιιιιιιτιιικ,,ν

103 4120 179 4170 strati
191 4118 298 4167 monstri
316 4117 435 4182 imposita
451 4118 511 4166 Dea
522 4115 638 4165 occurrit
678 4117 1043 4180 musaciureuibusmmeris.
1077 4169 1080 4174 ,

104 4197 131 4246 in
142 4202 236 4261 patera
246 4194 369 4246 Medices
380 4194 448 4260 apud
467 4195 600 4259 Demster.
618 4200 639 4244 t.
