2730 4686
618 375 729 424 ottus.

125 522 214 591 Nam
230 530 263 588 te
275 524 406 608 jactari,
420 527 552 588 nonest
566 519 766 586 Amathusia
780 523 883 586 nostri

124 627 209 690 Tam
221 626 323 703 rudis,
339 631 375 689 ut
389 626 478 689 nullo
492 626 621 709 possim
635 643 834 706 cognoscere
848 626 961 707 sign03
989 678 993 690 ,

124 729 161 791 Si
175 747 354 792 concessus
368 747 459 791 amor
471 733 549 793 noto
563 734 595 791 te
609 732 756 790 macerat
768 729 855 808 igne,

127 830 190 893 Per
203 831 264 893 tibi
281 832 458 914 Dictynnae
474 831 653 912 praesentia
666 830 799 893 numina
809 830 898 912 juro,
1156 820 1226 911 945}

125 930 238 995 Prima
254 932 363 994 Deum
377 951 452 1014 quae
467 936 500 993 le
514 931 594 993 mihi
607 929 736 994 dulcem
750 929 855 993 donat
868 931 1042 1008 alumnam,
1221 923 1226 929 ’

127 1031 247 1096 Omnia
261 1053 313 1095 me
328 1034 440 1114 polius
453 1031 554 1114 digna
568 1040 667 1115 atque
680 1032 814 1113 indigna
827 1032 977 1096 laborum

127 1133 239 1197 Millia
252 1135 408 1210 visuram,
426 1152 526 1216 quarn
541 1139 573 1196 te
587 1138 656 1196 tam
669 1134 818 1196 tristibus
831 1133 906 1198 istis
961 1163 965 1169 ·

128 1236 289 1300 Sordibus
302 1242 335 1299 et
349 1235 460 1300 scoria
473 1235 584 1317 patiar
596 1236 765 1298 tabescere
779 1236 848 1299 tali.

128 1490 249 1540 Heinsius
272 1492 359 1554 (Mire.
386 1490 464 1540 Obss.
487 1489 546 1538 Vol.
573 1502 611 1550 rt,
635 1501 693 1551 pag.
718 1487 777 1549 828)
806 1490 896 1551 maon
918 1491 958 1539 vel
983 1507 1068 1540 anem.
1118 1493 1150 1542 In
1170 1494 1223 1547 Me.

128 1556 239 1605 Heimst.
261 1562 318 1603 erat
343 1555 429 1604 animis
449 1554 553 1612 jacturis
578 1557 780 1602 amorem-2⁴2.
809 1553 962 1603 Amatbntiu
991 1555 1064 1606 Jnnt.
1091 1564 1119 1605 et
1149 1556 1225 1609 alioe'r

128 1620 195 1683 quod
218 1618 326 1682 prefert
345 1619 468 1681 Scaliger,
484 1618 533 1666 etsi
552 1623 689 1680 utrumque
707 1617 828 1666 usitatum
849 1619 942 1680 poetis.
983 1623 1057 1668 nostri
1077 1628 1143 1669 vett.
1163 1621 1224 1672 edd.

128 1698 185 1731 curn
205 1683 298 1732 Aldina
317 1690 474 1746 agrioscunt:
494 1682 561 1746 quod
581 1681 772 1744 accipiendum:
790 1683 878 1730 Venus
896 1698 945 1732 non
963 1691 1015 1732 tam
1035 1685 1123 1747 ignaru
1134 1686 1192 1748 mei,
1209 1701 1226 1735 a

128 1762 168 1796 rue
184 1763 235 1797 non
255 1756 307 1796 tam
326 1748 409 1796 aliena
427 1754 481 1796 est:
499 1749 523 1795 b.
543 1760 591 1808 ego
611 1747 703 1795 amoris
721 1760 771 1794 uon
791 1755 842 1795 taor
863 1745 932 1794 rudis
952 1761 1028 1811 rum.j
1049 1751 1225 1811 consueuerat

129 1812 195 1860 enirn
220 1813 265 1860 ille
283 1826 340 1861 curn
361 1811 428 1862 Jove
447 1825 480 1858 ex
501 1825 584 1874 eoque
605 1810 772 1859 Britomartin
793 1817 950 1873 pepererat3
978 1812 1023 1860 sed
1045 1814 1119 1863 lunt.
1145 1813 1229 1862 audrei

129 1875 208 1933 dedit,
224 1875 302 1940 idque
320 1876 435 1938 Scaliger
445 1875 553 1938 probat:
572 1888 622 1922 non
633 1875 672 1923 ite
681 1889 772 1923 aversa
790 1889 847 1922 mee
859 1876 962 1923 Venere
973 1876 1006 1923 de
1016 1891 1101 1924 amore
1115 1877 1206 1940 judico
1217 1893 1224 1928 t

129 1940 255 2000 vixollror
274 1938 319 1999 elul
339 1937 536 2001 ὰπειραφρόδπος.
569 1937 657 2000 Cepio.
692 1939 787 1987 Durius
810 1946 895 1986 tamen
914 1939 977 1988 boc:
994 1955 1053 1988 men
1072 1941 1159 1989 Venus
1174 1955 1224 1992 non

129 2013 168 2055 eet
186 2012 237 2054 torn
251 2004 328 2063 rudis,
344 2005 367 2051 ir.
380 2019 403 2052 e.
413 2018 464 2066 ego
483 2004 614 2050 inemore
633 2015 683 2050 uon
704 2009 755 2051 tarn
773 2002 843 2050 rudis
862 2008 1014 2052 sun—24⁴.
1030 2019 1150 2053 concauus
1158 2012 1224 2057 vett.

130 2068 188 2119 edd.
200 2084 259 2119 eum
271 2068 366 2116 Aldina
378 2075 499 2127 tueutnr;
515 2065 631 2125 censeam
641 2065 683 2115 ed.
701 2066 776 2117 Junt.
788 2073 816 2114 et
827 2066 901 2116 alia:
919 2068 988 2132 qnod
1000 2068 1091 2130 arripit
1102 2069 1227 2134 Scaliger,

131 2133 203 2182 nteit
221 2147 301 2193 arnor,
320 2132 400 2197 quiin
412 2130 531 2180 confesso
548 2138 597 2192 est,
615 2136 642 2179 et
661 2131 774 2194 quidem,
794 2138 823 2178 ut
840 2139 912 2180 recte
930 2132 1087 2181 Tuubnrann.
1104 2135 1228 2198 explicet,¹

131 2196 235 2260 abjecto
251 2197 320 2246 omni
341 2197 446 2259 pudore.
491 2195 522 2244 Id
564 2209 593 2245 er
612 2210 639 2244 se
660 2195 727 2244 bene
747 2194 799 2244 dici
817 2210 893 2244 nemo
913 2196 1031 2247 dubitet:
1052 2199 1157 2247 Petron.
1179 2201 1244 2253 m.

131 2262 194 2309 ldae
210 2262 289 2325 quoles
302 2259 370 2319 fudit
387 2261 416 2308 de
434 2260 520 2309 vertice
531 2211 607 2323 dem
626 2259 699 2308 Terra
714 2275 808 2322 pererra
822 2275 875 2308 cum
891 2275 916 2309 se
934 2260 1036 2320 rovum
1048 2263 1135 2321 jvnxit
1152 2261 1228 2315 arnul

130 2324 235 2387 Jupiter.
268 2325 409 2373 Enimvero
421 2338 471 2373 uon
487 2325 620 2373 inhonesto
631 2324 711 2372 amori
723 2338 827 2386 opernm
839 2331 867 2373 et
877 2325 990 2375 studium
1001 2341 1073 2374 suurn
1090 2326 1229 2391 pollicetur

130 2389 233 2449 nutrir;
250 2389 296 2439 sed
307 2389 415 2437 honesto
426 2395 454 2436 et
462 2387 542 2437 licito.
577 2388 683 2436 Induxit
699 2388 766 2436 viros
775 2389 875 2437 doctos
887 2389 912 2436 in
924 2387 1040 2438 fraudem
1051 2389 1080 2437 rb
1089 2391 1141 2439 sin:
1157 2389 1227 2456 qnod
1296 2395 1299 2401 '

131 2453 274 2517 b.l.vulgo
290 2453 434 2516 legebatur.
467 2451 504 2500 At
525 2452 673 2516 requiritur,
692 2451 760 2515 quod
781 2452 807 2500 in
827 2451 906 2501 Aldd.
924 2453 1045 2515 liabetur,
1059 2454 1087 2501 ut
1105 2468 1230 2519 marm,
1312 2446 1319 2457 Χ

132 2517 197 2580 quod
209 2517 397 2580 iuterpretatur
408 2515 472 2564 iliud
482 2517 613 2579 superius:
631 2516 679 2563 alio
750 2516 755 2526 “
777 2530 868 2563 amore:
885 2516 940 2564 scii.
953 2525 1065 2580 excepto
1074 2518 1117 2565 illo
1128 2518 1229 2568 incesto

131 2581 220 2642 patris.
253 2581 338 2630 Etiam
350 2580 471 2630 Bartlrius
481 2579 665 2642 Scaligerumr
693 2579 750 2627 ellit
760 2577 869 2627 Advers.
880 2593 917 2637 ιν,
925 2584 1057 2630 iia-24&
1074 2581 1149 2630 Vett.
1160 2578 1230 2645 edd..

131 2645 208 2694 etiam
219 2643 308 2707 Aldu,
324 2659 382 2694 curn
401 2645 454 2692 Me.
474 2643 552 2691 basil.
586 2643 618 2691 Ρ.
630 2643 664 2692 D.
675 2658 727 2704 pue
741 2643 807 2690 dulce
825 2643 884 2691 milti
900 2649 924 2691 te
939 2645 1010 2691 donat
1021 2645 1062 2705 oi,
1077 2645 1135 2693 iiiuc
1153 2645 1228 2706 dunt.

133 2708 163 2756 P.
173 2710 206 2758 D.
217 2709 307 2758 dulcem
315 2709 471 2771 nilipuoete
481 2709 514 2767 d,
531 2706 563 2755 de
574 2706 680 2755 Tortis:
699 2707 731 2755 Ρ.
745 2707 1025 2768 D.puoedulcemiltite
1035 2710 1058 2754 d.
1080 2708 1112 2756 In
1124 2715 1228 2771 promtu

133 2781 186 2820 est:
204 2774 287 2822 Prinna
305 2775 375 2822 decus
392 2787 443 2835 pue
459 2771 525 2819 dulce
541 2771 669 2818 wibiled.
686 2785 709 2819 a.
743 2768 854 2818 Videtur
865 2776 893 2818 et
911 2771 1002 2819 Heius.
1022 2771 1230 2835 eicconjeoiers3

133 2836 219 2900 sicque
229 2837 273 2888 Jo.
284 2837 418 2886 Schrader.
453 2835 530 2886 Quod
540 2848 608 2883 nunc
621 2835 695 2895 vulgo
708 2834 811 2897 legitur,
823 2833 950 2883 videturn
963 2834 1064 2884 Pitlioro
1076 2834 1230 2898 profectam.

133 2916 191 2962 pue,
211 2900 288 2962 prima
299 2902 386 2961 Deum,
402 2900 427 2948 b.
446 2914 503 2963 quae
514 2901 573 2949 Dea
584 2911 684 2962 magna,
700 2908 792 2961 potens
808 2898 876 2947 inter
894 2905 994 2947 ceteras
1007 2899 1086 2961 Deus,
1101 2900 1173 2949 donat
1213 2903 1236 2953 o'

133 2965 244 3014 tionem
277 2966 334 3015 AEn.
353 2977 393 3025 rx,
412 2968 461 3013 too
480 2964 581 3012 Cratera
591 2963 712 3025 aarum
722 2977 789 3025 quem
804 2964 847 3010 dut
863 2962 961 3012 &tona
977 2963 1140 3013 Dide-att.

133 3033 201 3092 atque
210 3029 310 3090 indiguo
320 3031 422 3078 luuram
433 3034 498 3077 vett.
510 3027 570 3077 edd.
580 3042 638 3076 curu
650 3028 701 3076 Ma.
716 3027 803 3087 Bauli,
812 3034 943 3090 corrupte.
976 3027 1146 3076 Emendatum
1158 3027 1231 3081 dedu

130 3091 185 3154 jam
202 3093 304 3151 Aldina.
320 3101 348 3142 ut
360 3092 439 3152 dicat,
457 3106 484 3140 ee
496 3092 580 3155 potius
592 3092 676 3141 onmia
684 3091 758 3139 millio
769 3091 872 3140 lebona
882 3090 1050 3154 menimento,
1065 3099 1230 3154 experturam

148 3157 199 3207 Pro
218 3164 268 3207 ert.
279 3159 314 3207 At
325 3157 370 3206 tibi
379 3171 490 3205 curarum
499 3157 575 3204 millia
585 3160 675 3220 peneto
684 3155 751 3205 dabit
759 3155 782 3218 l)
792 3155 827 3205 cf.
838 3154 885 3204 inf.
897 3161 954 3217 ⁶21,
970 3155 1044 3218 dim
1053 3160 1123 3219 uque
1131 3157 1232 3220 indiqu

133 3161 182 3276 los.
193 3172 250 3272 len.
261 3235 300 3283 rx,
318 3223 386 3284 595),
402 3235 478 3285 quara
496 3229 524 3269 ut
536 3235 592 3269 eant
605 3222 699 3269 misere
709 3234 793 3273 aurore
804 3220 988 3270 oontsbeecere
1000 3221 1166 3272 sinat-24⁰.
1182 3229 1232 3273 etei
1245 3220 1248 3226 '

134 3284 171 3334 ria
190 3286 271 3348 potiar
288 3285 474 3335 enumeretur.
518 3285 600 3334 Recte
614 3285 729 3346 scaliger
747 3291 826 3348 uegat
835 3285 968 3348 Virgilium
986 3284 1089 3334 sordida
1100 3286 1180 3335 verba
1198 3302 1232 3339 ex

134 3348 216 3411 plebis
227 3347 286 3399 lece
296 3349 346 3399 hue
357 3348 496 3399 inseruisse.
533 3349 623 3397 Heius.
635 3349 781 3412 ingeniose:
799 3354 823 3397 te
837 3353 886 3397 taor
899 3349 1008 3397 tristibus
1021 3364 1110 3411 agrurn
1120 3351 1234 3403 Sordidus

135 3417 157 3460 ct
176 3427 241 3462 curn.
274 3413 348 3463 Idem
370 3414 505 3463 tentabat:
523 3413 727 3474 Filioslutueom,
748 3414 789 3461 vei
804 3427 1016 3476 pessumum
1036 3414 1062 3463 in
1081 3413 1158 3462 Basil.
1178 3415 1233 3466 bles

135 3477 198 3526 ‚nlla
208 3477 319 3527 laturum.
352 3478 429 3526 Certe
439 3476 523 3535 reoda,
539 3476 572 3524 de
583 3476 681 3524 metalli
696 3475 813 3524 sordibus
831 3479 933 3540 proprie
951 3477 1031 3537 dicta,
1047 3490 1079 3525 an
1098 3478 1131 3525 de
1148 3478 1232 3529 morbi

136 3543 176 3590 vel
195 3541 279 3592 luctus
297 3543 417 3605 squalore
431 3540 528 3589 ebullis
544 3539 616 3587 dicte
634 3539 844 3601 riu-ignoramus.
878 3542 940 3588 'liun
956 3541 1032 3588 terrio
1044 3556 1076 3590 ex
1087 3541 1174 3604 erepla
1189 3545 1233 3592 vel

136 3605 234 3667 σωρεία
251 3606 359 3668 primam
378 3605 487 3653 baberet
505 3604 545 3651 lon
566 3618 616 3652 um.
650 3603 735 3650 Possit
747 3602 850 3666 quidem
869 3604 927 3652 huie
939 3604 1003 3652 vitio
1022 3605 1058 3653 ite
1078 3606 1188 3667 occurri,
1204 3612 1234 3657 ut

136 3668 275 3732 dissyllaba
292 3685 342 3718 vox
353 3670 429 3730 seorjn
440 3668 500 3727 fint3
516 3618 565 3717 red
574 3669 631 3730 ipse
642 3681 693 3715 vox
710 3667 811 3715 serioris
821 3668 981 3729 grammatici
991 3675 1018 3715 et
1029 3667 1097 3716 torte
1109 3669 1234 3731 monacblp

155 3732 180 3781 ni
200 3733 233 3782 de
253 3733 335 3783 scoria
355 3733 463 3794 scabiei,
483 3747 533 3797 qua
551 3729 701 3790 vexabatur,
720 3730 860 3793 cogitabat,
877 3745 979 3778 manum
1001 3730 1108 3779 redolet.
1148 3732 1237 3789 Muto,

136 3749 228 3848 ludius
242 3797 394 3847 vocabulum
411 3796 586 3846 substituebat
605 3794 738 3844 Reinesius
755 3794 838 3858 Epist.
857 3793 890 3842 ad
907 3795 1047 3845 Daumium
1063 3794 1184 3858 Append.
1205 3810 1232 3862 p.

629 3909 736 3961 NO'l'AE

138 4007 238 4063 Quodsi
253 4010 300 4058 aiio
313 4007 665 4072 puooiennimojurtnriraato-
705 4006 752 4056 sis:
771 4006 918 4056 PertibiD.

138 4096 177 4142 re,·
193 4097 252 4133 narn
263 4092 291 4134 to
302 4099 389 4134 eruore
398 4083 483 4148 aliquo
490 4083 588 4148 jactari
599 4083 665 4133 bene
737 4088 785 4133 att
803 4083 961 4147 Dictynnam
971 4096 1039 4132 nuno
1050 4081 1083 4132 de
1099 4081 1155 4147 ipsa
1172 4082 1235 4134 ntaa
1251 4082 1256 4089 ’

138 4161 271 4226 intelli303
288 4160 326 4225 Si,
340 4162 454 4225 inqueru,
469 4175 588 4211 mecam
600 4176 666 4210 arna
706 4174 738 4208 nu
755 4158 833 4224 pobts
843 4158 947 4209 videtur
966 4158 1099 4229 accipere.¹

138 4239 192 4286 nott
200 4241 226 4288 te
241 4241 346 4289 moni
357 4237 427 4303 igni:
443 4236 560 4303 sequitur
572 4235 665 4300 epodo·
