2730 4686
636 283 723 349 1389
817 368 821 375 .

79 472 82 477 ·
126 440 522 527 compararentque
530 443 751 507 narrationem
761 442 802 506 de
815 442 975 509 adulterio
986 441 1231 515 MartisetVe-

125 546 211 608 nens
224 542 362 609 Antbol.
386 544 460 609 lat.
477 544 519 607 P.
537 560 561 618 1,
576 563 632 626 ep.
647 544 703 608 72.
748 542 829 606 Nou
843 542 949 608 defuit
960 544 1098 625 bomini,
1114 552 1170 633 qui
1191 552 1230 616 id

126 663 259 709 carmen
273 645 420 728 scripsit,
436 646 602 726 ingenium
624 662 687 706 nec
714 642 850 726 poetica
874 645 998 710 oratio:
1020 647 1121 713 deluit
1139 652 1231 734 judi-

126 744 215 808 cium
224 744 271 808 ad
280 765 441 811 summam
452 744 606 809 carminis
616 745 881 811 constituendam
894 750 929 816 et
939 745 982 810 ad
994 747 1232 816 eliminandam

126 848 259 928 copiam
274 849 417 913 otiosam
431 853 466 911 et
479 849 621 910 inanem.
666 844 764 909 Adde
778 847 859 911 ibid.
874 847 932 912 lib.
949 864 974 925 r,
988 867 1043 931 ep.
1061 849 1105 914 89
1126 858 1159 917 et
1183 857 1231 921 al.

66 1030 71 1037 .
127 945 231 1013 Lecto
266 949 380 1031 itaque
407 947 543 1030 Virgilii
579 949 736 1025 carmine,
765 949 991 1033 ascripsemnt
1023 949 1057 1012 in
1085 955 1232 1035 margine

129 1047 256 1114 codicis
275 1050 329 1113 sni
349 1049 384 1113 bi
398 1049 548 1113 homines
563 1067 605 1112 ea
627 1068 704 1130 quae
718 1050 785 1132 ipsi
799 1054 1012 1127 tentaverant,
1035 1050 1080 1114 ad
1100 1054 1232 1121 varian-¹

128 1148 208 1212 dam
235 1149 291 1213 vel
328 1149 596 1232 amplificandam
635 1151 845 1230 sententiam,
881 1151 981 1233 idque
1017 1152 1170 1236 inprimis
1197 1157 1232 1222 in

128 1251 308 1335 minoribus
335 1250 388 1315 bis
418 1249 548 1331 Virgilii
578 1252 779 1320 carminibus
798 1252 923 1316 factum
948 1260 1105 1336 apparet;
1127 1256 1232 1324 multo

129 1357 240 1415 autem
253 1354 401 1417 maxime
416 1353 450 1416 in
465 1351 596 1428 Colice,
612 1354 721 1435 cujus,
736 1354 868 1417 sirecte
878 1354 1009 1437 judico,
1033 1356 1112 1438 plus
1133 1376 1234 1440 mam

129 1451 268 1516 dimidia
295 1473 376 1537 pars
403 1453 566 1538 ejusmodi
591 1452 872 1517 Scholasticorum
893 1457 1044 1520 versibus
1068 1459 1234 1525 consarci.

129 1561 207 1619 nata
220 1561 283 1620 est.
328 1554 455 1619 Versus
468 1555 531 1619 hos
546 1561 603 1619 aut
616 1557 699 1619 inter
713 1555 818 1619 lineas
832 1564 888 1622 aut
902 1559 936 1621 iu
946 1561 1093 1641 margine
1107 1561 1235 1646 ascrip-

129 1664 182 1719 tos
194 1657 320 1721 librarii
345 1657 480 1733 indocti,
509 1657 566 1738 qui
591 1654 743 1720 codicem
765 1655 1007 1734 describebant,
1030 1657 1113 1722 forte
1134 1662 1233 1728 etam

129 1761 166 1821 nt
180 1757 362 1839 pleniorem
377 1757 530 1822 codicem
544 1755 713 1822 venditare
736 1763 886 1840 possent,
909 1759 944 1821 in
972 1760 1083 1841 ipsum
1104 1778 1235 1827 carmen

130 1857 344 1938 interserant3
368 1867 466 1943 atque
481 1861 533 1924 sic
547 1861 668 1935 evenit,
683 1857 814 1922 utillud
829 1859 1058 1942 interpolatum
1071 1865 1115 1936 et,
1133 1861 1236 1927 modo

130 1963 283 2025 versibus
298 1963 381 2026 satis
397 1963 507 2038 bonis,
521 1959 622 2025 modo
645 1959 775 2029 inscitie
793 1965 828 2023 et
853 1959 1010 2035 indoctis,
1035 1968 1092 2024 aut
1115 1960 1235 2028 hiulcis

130 2068 162 2126 et
174 2065 317 2139 scabris,
332 2065 493 2129 soedatum
508 2064 551 2128 ad
565 2082 628 2126 nos
642 2061 838 2145 perveniret.
884 2059 984 2138 Quod
998 2081 1066 2125 non
1086 2063 1236 2130 animad-

130 2186 258 2230 versum
280 2166 389 2230 fraudi
411 2167 474 2231 fuit
500 2167 583 2230 viris
612 2164 733 2240 doctis,
762 2182 859 2245 quos,
889 2171 957 2228 tam
979 2164 1119 2230 diversae
1146 2173 1238 2234 notas

130 2263 297 2332 monetam
311 2267 431 2332 eodem
443 2269 521 2332 loco
535 2267 700 2343 babentes,
730 2267 766 2328 in
790 2266 902 2330 multis
923 2265 1086 2348 trepidare
1099 2287 1237 2335 necesse

130 2369 201 2433 fuit.
249 2369 362 2434 Facile
389 2370 473 2434 adeo
495 2390 539 2434 ex
567 2369 620 2432 his
641 2372 753 2451 potest
774 2366 924 2448 intelligi,
947 2367 1083 2440 fundum
1104 2368 1237 2451 quidem

132 2470 285 2533 carminis
298 2489 373 2534 esse
387 2490 489 2552 posse
503 2468 653 2533 Culicem
666 2469 760 2531 illum
775 2466 1020 2545 Musonianum,
1047 2469 1106 2532 sed
1130 2475 1238 2535 attex-

131 2576 183 2634 tas
196 2588 271 2634 esse
286 2590 308 2634 a
329 2571 550 2636 Scholasticis
571 2574 605 2632 et
631 2567 872 2631 Grammaticis
894 2567 1037 2630 lacinias
1063 2569 1238 2649 plurimas,

132 2672 252 2754 quibus
266 2672 394 2755 priscus
410 2671 564 2736 carminis
589 2669 675 2735 nitor
697 2667 867 2749 plerisque
891 2667 926 2729 in
949 2669 1034 2731 locis
1058 2669 1238 2736 admodum

133 2773 266 2837 attritus
279 2781 318 2837 ut
331 2774 376 2836 sit
389 2792 525 2837 necesse
539 2777 601 2835 est.

175 2871 288 2957 Atque
300 2875 373 2938 baec
389 2876 464 2956 ipsa
478 2874 617 2948 sacirmt,
631 2877 668 2935 ut
681 2870 742 2934 vix
758 2889 833 2933 cunr
848 2868 1082 2945 delectatione,
1098 2889 1159 2935 nec
1173 2871 1240 2960 nisi

134 2976 245 3052 abeo,
270 2977 327 3059 qui
347 2978 419 3058 jam
437 2976 640 3057 aliquantum
663 2973 699 3035 in
721 2970 896 3053 poetarum
920 2970 1060 3034 lectione
1086 2979 1239 3040 versatus

133 3077 188 3153 sit,
200 3076 265 3158 legi
280 3080 387 3160 possit
400 3078 461 3140 boc
477 3094 618 3139 carmen.
630 3083 640 3109 ¹
686 3073 779 3136 Male
792 3074 879 3136 enirn
894 3072 1063 3137 cobserent
1077 3079 1128 3137 tot
1139 3075 1241 3155 pauni

134 3177 313 3241 adiversis
328 3178 516 3242 bominibus
533 3177 651 3253 assuti,
673 3181 708 3240 ct
729 3180 816 3240 natae
831 3179 908 3238 sunt
930 3193 974 3237 ex
997 3194 1038 3239 eo
1064 3176 1142 3258 ipso
1166 3195 1239 3242 cor·

135 3280 274 3361 ruptelae
301 3277 458 3344 dictionis
487 3284 523 3341 et
549 3277 723 3341 sententiae
746 3276 918 3357 plurimae3
954 3280 992 3338 ut
1013 3275 1099 3339 adeo
1125 3276 1161 3339 in
1186 3277 1240 3343 bis

137 3378 340 3445 carminibus
361 3399 414 3444 res
438 3380 534 3443 alitor
561 3379 734 3460 procedat,
756 3396 859 3459 quam
880 3378 914 3439 in
939 3377 1165 3458 superioribus
1179 3397 1240 3444 vo·

638 3541 743 3591 NOTAE

170 3654 177 3680 ¹
197 3655 289 3705 Patrio
299 3671 424 3718 sermone,
442 3656 541 3705 octonis
554 3653 668 3704 versibus
709 3652 812 3717 poetam
836 3653 947 3721 carmine
965 3654 1103 3718 romanulo
1120 3650 1242 3717 reddere,

137 3729 162 3778 in
173 3731 291 3795 strophas
303 3731 467 3794 cedentibus,
488 3731 617 3780 redditum
629 3734 669 3779 est
708 3741 783 3790 quam
804 3726 885 3775 verba
907 3728 1037 3778 subtiliter
1062 3727 1239 3789 interpretari.

137 3807 186 3855 boc
197 3821 302 3858 carmen
314 3821 329 3856 s
341 3811 477 3869 Sponsam,
494 3806 572 3869 po'e'ta
590 3805 670 3854 nobili
709 3801 781 3850 Nihil
800 3795 869 3849 enim
887 3802 994 3851 vetabat
1015 3801 1157 3851 sententias
1177 3799 1243 3852 late.

137 3884 262 3933 Britanno
289 3884 410 3946 (Virgllr
439 3882 531 3942 Garat),
558 3883 585 3929 in
610 3881 668 3943 ejus
710 3891 768 3940 gras
779 3877 923 3926 summatim
935 3875 1038 3938 efferre,
1054 3878 1142 3940 ejusve
1154 3883 1243 3945 partes

139 3959 209 4023 0pp.
244 3960 300 4009 Nee
310 3962 364 4008 sine
374 3959 505 4028 voluptate
517 3959 579 4007 illud
591 3957 669 4007 facile
710 3953 933 4017 inquemcumqne
946 3953 1060 4017 placeret
1081 3966 1183 4001 sensum
1199 3952 1244 4003 de·

139 4033 264 4097 perlegas.
298 4032 373 4082 Adeo
385 4033 446 4081 mibi
464 4035 505 4082 vel
523 4033 571 4081 boc
586 4046 671 4080 exem·
710 4029 826 4090 flectere,
836 4037 881 4077 ant
892 4029 973 4078 verba
990 4035 1114 4095 corrupta
1135 4024 1202 4106 aptit
1213 4036 1242 4079 et

140 4107 183 4170 plo
202 4109 296 4174 mabit,
317 4114 415 4173 quanto
433 4109 579 4174 expeditius
602 4114 671 4160 wat
711 4101 809 4157 idoneis
821 4111 978 4169 permutare.
