2730 4686
127 311 214 379 1242
472 325 504 371 r.
528 321 690 373 viueruu
713 312 881 382 nunonis

20 515 23 527 ·
126 471 231 538 Tecta
244 471 321 536 viis.
366 468 467 535 Sedet
480 468 644 533 inmediis
657 472 691 533 et
703 468 870 532 maximus
885 485 972 543 aevo,

59 618 61 622 ι
127 573 172 638 Et
185 574 309 658 primus
324 572 577 655 scepeienaud
591 569 798 648 lentescente,
815 571 962 635 Latinus.

128 673 239 758 Atque
254 675 307 738 hic
320 676 448 755 legatos
462 674 634 741 AEtolucx
650 676 729 736 urbe
743 675 910 749 remissos,

129 773 214 854 Quae
230 776 379 852 referunt,
394 774 456 837 sari
466 775 573 858 jubet,
586 780 620 838 et
634 794 794 858 responsu
807 777 951 860 reposcit
1159 771 1224 836 240

129 875 250 941 Ordine
265 883 385 942 cuncta
398 897 471 942 suo.
514 876 600 941 Tum
614 877 705 942 suctu
718 879 850 942 silentia
862 879 992 959 linguis,

48 979 52 987 ‘
130 976 173 1043 Ei
185 977 335 1043 Venulus
349 979 441 1043 dicto
455 999 575 1062 porcus
589 982 638 1044 ita
651 979 749 1044 farier
763 981 851 1045 infit:

171 1078 338 1157 Vidimus,
354 1101 376 1145 ο
391 1082 493 1159 civeS,
510 1082 672 1146 Diomede
686 1081 876 1166 Argivaque
888 1087 1017 1162 cusna3

128 1334 188 1383 peut
196 1334 276 1381 regno,
284 1322 324 1369 ted
335 1325 357 1369 et
367 1320 533 1382 intermedius,
543 1336 590 1369 non
600 1321 752 1370 iniminuitur.
772 1321 851 1386 Atque
861 1321 900 1370 lic
909 1321 1010 1385 inperat
1018 1322 1114 1383 legnice
1123 1332 1227 1369 renem

129 1399 161 1431 a
170 1384 227 1433 arbe
237 1386 349 1448 AEtolico,
358 1386 435 1434 dicere
448 1401 555 1448 mom
570 1390 696 1449 reportent,
712 1392 736 1435 et
746 1387 829 1450 querit
844 1387 939 1447 ungulo
953 1400 1064 1450 rupetra
1076 1400 1120 1435 auo
1135 1383 1226 1434 ndu.

131 1449 195 1500 litat
205 1449 318 1498 indictum
328 1457 368 1499 eat
379 1451 468 1512 linguis
476 1450 596 1499 silentium
601 1467 611 1510 ,·
628 1456 651 1499 et
664 1450 765 1500 Venuleio
775 1451 882 1500 obedient
891 1451 990 1514 imperio
998 1450 1085 1515 incipit
1099 1450 1136 1499 ite
1150 1447 1227 1514 loqui:

130 1692 206 1753 copia
217 1690 352 1753 cogitasse,
363 1692 477 1755 adeoque
482 1691 563 1755 fluent
576 1691 660 1739 verina
676 1696 723 1740 eet.
754 1691 848 1754 ruitque
867 1691 908 1740 ed.
927 1705 966 1753 pr.
987 1691 1166 1740 Burm-tti.
1183 1705 1228 1740 rex

129 1755 248 1803 munna
258 1762 322 1804 vett.
337 1755 398 1804 edd.
415 1757 448 1805 eli
469 1764 514 1804 not
531 1762 558 1804 et
574 1753 634 1804 Ald.
654 1770 694 1819 pr.
712 1761 740 1803 et
756 1770 809 1804 ecc.
822 1763 849 1804 et
861 1755 947 1817 codd„
957 1755 1004 1805 aed
1015 1754 1229 1819 potioreaonnnet

130 1831 189 1866 cum
200 1818 260 1869 Ald.
273 1827 335 1868 tert.
361 1824 385 1869 et
395 1835 436 1882 m„
447 1835 535 1884 neque
547 1820 715 1870 emendarunt
726 1819 796 1869 Pier.
808 1820 857 1869 Ge.
870 1820 972 1869 Fabrie.
985 1820 1167 1869 licium—2⁸8.
1177 1820 1229 1884 pri·

129 1892 179 1933 etot
190 1884 298 1934 Mentel.
310 1899 351 1948 pr.
384 1889 408 1934 et
423 1887 479 1934 leta
495 1885 537 1935 ed.
553 1900 592 1949 pr.
605 1887 835 1935 Burmann—289.
850 1885 905 1935 liae
922 1883 1111 1933 zulich-2⁴0.
1129 1883 1229 1939 Quidr.

130 1947 194 1996 Eue.
207 1948 295 1997 Bnrm.
327 1949 434 2009 referunt
445 1964 485 2013 pr.
497 1950 592 1999 Hnmb.
625 1948 728 2009 reserent
743 1950 909 2000 alten—242.
926 1948 1004 2012 inquit
1020 1947 1061 1997 ed.
1078 1962 1119 2011 pr.
1138 1946 1228 1997 Burni.

130 2009 166 2060 ct'.
177 2026 233 2076 unp.
243 2014 275 2063 ed
288 2027 326 2078 rx,
336 2018 393 2076 422,
404 2022 432 2064 et
449 2013 502 2062 vid.
518 2013 604 2064 Guell.
616 2013 685 2062 adh.
697 2015 806 2062 l.-24³.
823 2013 961 2063 Diomedem
977 2012 1037 2063 edd.
1053 2018 1119 2062 vett.
1136 2012 1230 2075 pleru-

630 2178 734 2228 NOTAE

162 2299 210 2345 2³8
230 2297 327 2346 Prinna
352 2298 460 2360 sceptris]
486 2297 572 2362 Reges
591 2299 658 2348 euim
699 2312 753 2347 rem
774 2305 801 2347 et
822 2299 934 2347 lilartem
952 2295 1106 2345 vulueravit.
1140 2294 1230 2346 Quare

130 2379 204 2421 erunt
216 2373 330 2436 plerique
342 2387 374 2421 eu
384 2375 414 2421 iio
425 2376 468 2438 qui
477 2375 554 2423 'lurni
566 2373 659 2422 anxilio
698 2376 786 2423 Venus
803 2375 857 2437 ejus
873 2373 975 2422 domum
987 2371 1090 2426 evertit,
1102 2370 1229 2420 adulterio

130 2448 459 2509 venerant‚AEn.v11.dll.
697 2450 820 2513 AEgialee
840 2449 926 2499 uxoris
947 2449 1003 2513 ejus
1024 2463 1082 2499 cum
1099 2446 1230 2511 Cylnbaro

161 2525 210 2570 2³9
226 2523 345 2573 AEtolueu
355 2523 422 2588 urie]
434 2523 518 2588 Arpis,
529 2522 562 2574 ob
573 2521 658 2577 AEtolo
698 2526 766 2589 apud
778 2524 876 2589 Argoo:
894 2539 1001 2590 quorum
1016 2538 1050 2572 ex
1062 2521 1158 2573 iutidiia
1170 2537 1229 2571 cum

131 2597 259 2651 Diomede
271 2599 395 2650 conditio:
413 2616 472 2652 mox
483 2606 540 2654 w.
698 2615 767 2663 tegre
776 2601 878 2664 elapaue
889 2605 967 2662 eaeet,
976 2612 1059 2664 neque
1068 2611 1130 2647 vero
1141 2603 1231 2661 pooiet

161 2679 209 2726 Μ
230 2676 342 2739 Vermina]
353 2678 404 2730 Qui
416 2679 449 2727 ad
460 2678 613 2729 Diomedem
624 2679 658 2727 le-
697 2676 723 2725 iu
735 2675 854 2726 AEtollnm
874 2674 979 2734 reverti,
996 2682 1026 2723 ut
1045 2678 1118 2722 notat
1135 2671 1231 2722 Cedre-

130 2758 205 2815 μω»
214 2751 308 2816 fuerat,
319 2756 375 2803 AEn.
386 2768 448 2805 vui.
459 2760 483 2806 9.
697 2767 758 2814 uue3
776 2754 800 2801 in
813 2754 941 2816 Apuliam,
952 2752 1061 2801 maxime
1078 2751 1230 2801 orientalem

161 2832 209 2876 ele
234 2829 358 2892 Diomede]
389 2832 470 2880 Filius
495 2831 545 2881 fuit
566 2832 660 2894 Tydei,
699 2832 783 2880 ltaliae
796 2838 905 2893 partem,
916 2831 978 2879 muri
990 2828 1072 2894 fugit:
1089 2828 1176 2893 ibique
1188 2842 1231 2878 ex·

128 2917 209 2965 nepos
221 2905 310 2954 OEuei:
324 2912 431 2966 paterno
442 2906 660 2970 quidemetnvito
699 2913 792 2968 ceptun
809 2921 824 2955 u
845 2909 939 2956 Dauno
956 2913 1064 2969 rege,et
1082 2910 1156 2968 parte
1174 2904 1231 2968 egri

125 2977 195 3040 jure,
207 2977 306 3027 AEtoliae
319 2993 379 3028 rex:
398 2979 443 3028 aed
455 2992 513 3028 cum
525 2987 601 3043 pater
611 2980 660 3042 Ty·
700 2981 818 3041 donatus,
830 2982 907 3032 urben
916 2983 1009 3032 multu
1020 2978 1151 3031 condidit:
1165 2993 1231 3042 pru·

130 3052 192 3101 deus
203 3049 277 3115 Agrii
295 3054 379 3114 patrui
397 3053 493 3102 invidia
509 3068 587 3117 reguo
605 3054 660 3117 pul-
700 3058 775 3121 cipue
786 3060 865 3120 Argoo
875 3058 1001 3121 Hippiun,
1015 3055 1042 3105 id
1058 3063 1100 3104 eat
1112 3060 1232 3118 equeaeret

129 3141 172 3176 ene
192 3135 268 3186 ciaet,
279 3134 307 3177 et
326 3129 409 3193 Argon
429 3130 601 3194 Peloponnesi
620 3145 661 3180 ur-
700 3148 733 3183 ex
752 3135 853 3183 nomine
871 3135 963 3183 natulis
981 3132 1061 3194 urbis,
1078 3131 1152 3196 cnjus
1168 3145 1231 3196 ager

130 3203 189 3252 beru
202 3204 234 3253 ad
245 3219 330 3268 regem
340 3203 479 3254 Adrastum
489 3204 659 3269 confugisset3
699 3214 769 3272 aptna
784 3211 850 3273 equia
866 3209 961 3260 dicitur
976 3209 1009 3259 ob
1024 3209 1154 3258 Homero:
1172 3223 1231 3273 qnae

129 3279 165 3330 ibi
187 3280 327 3330 Diomedes
345 3296 376 3330 ex
396 3283 535 3348 Deiphyle,
555 3283 660 3334 Adrasti
698 3300 750 3334 vox
768 3285 861 3335 deiude
884 3295 1009 3350 corrupte
1031 3292 1072 3335 eat
1099 3285 1182 3349 primo
1204 3285 1231 3335 iu

129 3355 191 3419 lilia,
210 3364 352 3408 natusest.
386 3359 412 3408 le
429 3359 541 3408 Adrasto
558 3367 660 3408 mortuo
699 3359 869 3423 Argyrippum,
891 3361 932 3409 vel
954 3361 1115 3424 Argyripam
1136 3359 1232 3410 deinde

129 3433 264 3482 ntndmam
278 3440 305 3482 et
318 3433 388 3497 qnasi
405 3433 502 3497 regiam
519 3436 659 3485 tinctorita·
699 3435 725 3484 in
737 3437 823 3499 Arpos.
856 3436 919 3499 Ejna
931 3436 1011 3485 ruinte
1020 3450 1087 3484 nunc
1099 3434 1182 3485 adhuc
1195 3435 1232 3484 di·

130 3515 182 3558 tem
192 3507 268 3571 Argu
279 3509 405 3577 obtinuit:
419 3524 493 3557 auum
505 3524 586 3571 onum,
597 3511 659 3560 item
699 3517 793 3559 cuntur
800 3512 874 3573 Arpe,
883 3525 932 3559 uon
942 3513 1016 3573 longe
1026 3511 1148 3574 aSiponlo
1157 3511 1232 3574 urbe,

129 3585 163 3635 ab
184 3585 258 3650 'Agrii
280 3586 338 3635 filiu
360 3587 469 3650 pulsum,
492 3587 519 3635 in
539 3588 659 3638 AEtoliem
699 3591 728 3634 et
755 3584 883 3633 radicibus
914 3586 1082 3649 promontorii
1111 3586 1231 3649 Gorgoni,

129 3662 259 3713 restituit:
287 3660 441 3725 Argivorum
472 3669 499 3711 ct
520 3663 659 3713 vicinarum
700 3661 784 3708 Monte
804 3659 830 3707 di
852 3658 879 3707 S.
901 3659 1002 3722 Δημὼ,
1020 3660 1089 3727 quod
1112 3659 1137 3708 iu
1160 3675 1231 3711 mare

129 3736 228 3788 urbium
240 3736 291 3786 dux
303 3738 335 3787 ad
347 3738 450 3801 'l'rnjam
464 3735 597 3800 profectus
611 3744 660 3799 cet,
700 3734 861 3784 Adriaticum
872 3736 1011 3797 procurrit.
1038 3739 1081 3787 De
1098 3737 1154 3799 ejna
1167 3751 1233 3785 mor-

129 3829 162 3862 εκ
180 3815 304 3876 Homero,
316 3814 347 3863 Il.
365 3828 395 3862 ιι.
411 3818 467 3862 563.
489 3813 532 3862 lbi
550 3812 661 3860 maxima
700 3817 727 3859 le
744 3811 877 3874 multiplex
894 3811 979 3873 opinio
998 3810 1112 3861 refertur
1128 3827 1144 3861 u
1159 3812 1232 3862 Stra·

128 3903 237 3954 quaeque
255 3896 313 3952 poet
329 3887 456 3938 Achillem
468 3904 498 3938 ac
510 3887 660 3937 difficillima
701 3883 765 3933 bone
777 3887 794 3933 l.
806 3899 844 3934 vr.
863 3884 951 3934 Prima
961 3892 1011 3948 eat,
1020 3902 1077 3935 cnm
1090 3887 1115 3935 in
1127 3887 1231 3936 Diome·

128 3964 254 4028 perfecit:
273 3964 417 4013 Palladium
430 3979 462 4013 ex
479 3980 538 4014 arce
548 3964 659 4028 'l'rojana
699 3958 756 4009 deit
767 3960 863 4023 insulis,
873 3960 933 4010 hnic
943 3960 1025 4010 littori
1038 3961 1135 4024 vicinio,
1145 3962 1232 4011 eubltc

128 4039 223 4102 rapuit,
236 4040 346 4088 [ihesum
364 4041 478 4090 Thriciae
495 4057 582 4106 regem
593 4042 660 4092 θοοὶ.
698 4037 830 4087 evanuisse
839 4055 845 4087 :
855 4039 962 4104 ejuaque
972 4040 1231 4103 aoclon‚doloremor·

128 4115 182 4175 dit;
198 4115 266 4164 nude
288 4116 377 4165 laudat
397 4117 518 4182 Virgilius
535 4118 591 4180 ejus
608 4132 660 4166 mu·
698 4112 731 4162 tia
751 4112 818 4161 illiue
834 4128 891 4164 esec
907 4121 1019 4165 mutatos
1034 4115 1061 4164 ln
1077 4130 1147 4180 area,
1162 4115 1230 4165 iufra

130 4207 198 4256 nunt,
208 4193 215 4220 ‘
227 4207 277 4258 quo
286 4193 400 4243 concidit
412 4194 461 4244 llin
470 4193 563 4246 tenue?
577 4194 660 4244 Vene·
697 4193 756 4240 m.
781 4188 903 4240 Soeuuda
917 4197 968 4257 etl,
978 4192 1063 4258 ipenm
1074 4191 1100 4243 ln
1117 4193 1228 4258 patrium
