2730 4686
688 237 775 305 1456

178 406 294 484 ducar,
317 410 358 471 nt
376 399 569 469 Maroniani
584 400 708 483 ingenii
720 399 837 466 iratum
850 418 927 467 esse
941 401 1026 466 bunc
1044 406 1170 486 putem,
1193 403 1280 470 bunc

179 508 370 594 propiorem
393 505 438 571 ad
459 503 620 586 tragicam
643 500 881 566 vehementiam
903 508 938 568 et
955 503 1150 569 rhetoricam
1172 505 1282 571 decla·

179 612 355 675 mationem
371 605 524 671 affectum
539 624 612 669 esse
627 604 751 682 (licam,
777 623 876 687 quem
890 605 924 668 in
938 605 1082 687 Virgilio
1096 627 1149 671 me
1164 626 1287 690 agnos

180 731 254 787 core
263 712 335 796 jam
351 709 432 773 alibi
446 708 634 771 accuratius
650 703 815 789 exposui.¹
863 703 1007 770 Accedit
1023 710 1180 773 orationis
1201 707 1282 793 poli·

179 815 257 880 ticae
282 811 434 886 facultas,
458 828 533 893 quae
549 810 584 873 in
597 810 661 872 boc'
677 805 780 892 po‘eta
793 807 856 872 fuit
869 828 1014 873 summa:
1039 826 1115 892 quar
1139 829 1181 874 θα
1203 811 1284 893 ipsa·

181 932 285 979 causa
298 912 372 989 fuit,
394 929 461 994 qua
480 909 618 974 adducti
631 910 696 973 viri
710 909 800 974 docti
823 914 932 974 cetera
944 910 1044 973 etiam
1066 911 1178 974 omnia
1191 911 1227 975 in
1240 929 1281 975 eo

180 1014 324 1079 carmine
349 1011 595 1096 pronuntiarent
619 1029 694 1074 esse
721 1028 861 1074 summa.
906 1007 1024 1074 Polites
1056 1009 1207 1074 Maronis
1232 1012 1282 1075 in-

179 1116 311 1200 genium
325 1132 505 1196 agnoscere
519 1113 601 1177 mibi
620 1111 736 1177 videor
748 1113 846 1176 etiam
861 1112 897 1174 in
911 1112 986 1188 hoc,
1008 1112 1109 1195 quod,
1135 1132 1210 1176 cum
1231 1132 1284 1175 ar·

180 1221 369 1302 grnnentnm
390 1213 454 1278 hoc
474 1215 518 1278 ab
544 1214 620 1298 aliis
643 1212 755 1297 poetis
776 1218 867 1276 esset
888 1219 1135 1296 pertractatum,
1159 1213 1283 1277 relictis

178 1318 304 1394 illeiis,
330 1337 406 1400 quar
421 1315 465 1380 ab
480 1315 558 1379 aliis
573 1320 740 1399 praerepta
753 1319 859 1390 erant,
875 1315 1041 1394 ingenium
1055 1315 1218 1398 applicuit
1231 1333 1283 1378 or-

180 1419 299 1489 nandis
312 1419 367 1496 iis,
387 1437 461 1501 quae
476 1417 521 1479 ab
536 1417 613 1480 aliis
627 1415 774 1480 nondum
787 1420 898 1480 essent
910 1422 1085 1498 occupata.
1131 1415 1186 1478 Ita
1200 1415 1284 1483 forte

180 1520 336 1590 excusari
350 1523 472 1603 potest,
493 1518 584 1602 quod
597 1519 653 1582 ille
666 1516 714 1593 id,
731 1517 821 1599 quod
836 1535 997 1580 summum
1011 1517 1060 1580 rei
1072 1523 1283 1596 momentum,

177 1626 257 1711 ipsa
272 1625 365 1703 ἀκμὴ,
389 1628 472 1698 erat,
494 1621 709 1685 resectionem
724 1638 844 1695 comae,
859 1619 962 1683 verbo
977 1620 1143 1702 exposuit,
1158 1625 1192 1683 et
1205 1639 1284 1690 vero

167 1744 224 1791 ‘ne
237 1727 339 1791 verbo
354 1723 489 1807 quidem
504 1723 616 1804 attigit
629 1742 681 1799 θα,
704 1741 779 1804 quae
793 1728 954 1784 resectam
968 1720 1046 1784 Nisi
1060 1741 1192 1786 comam
1206 1723 1285 1785 sub

181 1834 296 1898 secuta
316 1832 405 1903 sunt,
428 1824 533 1889 donec
548 1824 788 1888 abstraheretur
802 1822 917 1906 Scylla
930 1823 1010 1887 navi
1024 1823 1170 1905 alligata.
1215 1822 1284 1889 Ex·

180 1929 359 2014 pectebam
383 1928 419 1991 in
439 1928 548 2010 primo
573 1924 700 1990 Minois
723 1931 916 2006 conspectu,
942 1925 976 1986 in
989 1926 1141 2008 pactione
1153 1944 1230 1988 cum
1243 1946 1285 1991 eo

180 2029 372 2106 sancienda,
387 2031 420 2092 in
436 2047 534 2093 coma
549 2027 629 2091 Nisi
643 2026 837 2103 resecanda,
851 2026 1021 2105 tradenda,
1036 2033 1068 2091 et
1081 2026 1145 2090 lide
1157 2026 1285 2093 Minois

180 2149 225 2195 ex
238 2130 425 2194 conditione
447 2130 614 2212 pactionis
627 2126 804 2208 exigenda,
825 2125 961 2210 potitam
979 2127 1146 2206 disertum,
1170 2131 1284 2214 copio·

180 2249 264 2306 sunt,
280 2235 313 2293 et
328 2235 490 2293 ornatum.
527 2228 598 2293 Vix
608 2228 710 2291 verbo
725 2228 922 2291 memoravit
937 2227 1146 2296 haecomnia.
1190 2230 1285 2296 Vitio

180 2330 244 2396 hoc
267 2330 391 2394 sactum
413 2329 525 2408 dices3
547 2329 613 2393 nisi
627 2328 763 2412 judicio
777 2329 825 2392 illi
840 2324 1007 2394 subtiliori
1020 2330 1104 2396 illud
1117 2333 1283 2398 tribueris.

183 2429 384 2495 levioribus
396 2429 553 2514 equidem
567 2430 766 2511 argumentis
781 2432 967 2494 accensebo
978 2449 1076 2496 omne
1088 2433 1185 2509 illud,
1196 2433 1284 2516 quod

182 2532 367 2615 arepetitis
382 2536 432 2594 tot
446 2530 640 2612 Virgilianis
653 2532 803 2594 versibus
819 2531 959 2610 ducitur,
979 2534 1051 2598 sive
1069 2539 1107 2598 ut
1126 2534 1203 2598 hinc
1217 2535 1286 2599 col-

180 2630 265 2714 ligas
279 2633 389 2715 ipsum
406 2630 581 2695 Maronem
596 2633 668 2694 sive
679 2635 717 2694 ut
729 2631 833 2694 alium
846 2637 1015 2696 auctorem
1025 2633 1130 2697 fuisse
1144 2639 1283 2699 statuas.

181 2729 253 2799 Vix
263 2733 352 2796 enim
367 2732 461 2796 firmo
476 2730 579 2795 fundo
589 2732 704 2795 nititur
715 2737 951 2814 argumentum,
962 2753 1028 2816 quo
1043 2734 1190 2817 Scaliger
1204 2755 1284 2799 usus

181 2838 244 2911 est,
260 2852 337 2897 cum
351 2833 493 2898 diceret:
523 2840 691 2899 auctorem
707 2835 865 2898 carminis
879 2840 916 2898 ut
931 2854 1006 2898 esse
1021 2835 1199 2918 Virgilium
1214 2857 1284 2900 ere·

181 2933 310 3009 damus,
324 2934 411 2997 banc
426 2953 526 2998 unam
544 2937 707 2999 rationem
729 2937 874 3012 vincere,
889 2956 1005 3000 versus
1027 2938 1142 3004 crebro
1165 2937 1219 3002 hic
1234 2958 1285 3002 re·

181 3034 332 3118 petitos,²
345 3036 403 3117 qui
425 3037 551 3118 passim
566 3038 602 3099 in
618 3037 762 3101 AEneide
776 3038 852 3102 etin
867 3037 1042 3121 Georgicis
1057 3045 1155 3122 atque
1169 3041 1204 3103 in
1218 3039 1284 3104 Bu·

181 3135 299 3200 colicis
326 3136 487 3217 leguntur.
532 3135 638 3220 Atqui
661 3138 770 3221 potuit
794 3140 950 3203 carminis
973 3160 1046 3205 esse
1067 3141 1155 3206 alius
1184 3143 1285 3207 serior

181 3242 309 3312 auctor,
325 3237 440 3317 quiex
456 3236 600 3317 Virgilio
623 3238 767 3321 plurima
790 3244 1000 3317 mutuaretur,
1018 3240 1070 3304 vel
1085 3241 1143 3324 qui
1158 3240 1193 3305 id
1209 3261 1290 3326 age·

180 3340 241 3413 ret,
256 3340 293 3399 ut
307 3335 441 3417 Virgilii
454 3357 570 3401 nomon
585 3346 617 3403 et
632 3342 858 3406 auctoritatem
867 3342 1066 3406 mentiretur.

224 3435 492 3503 Commemoravi
519 3439 626 3505 adhuc
649 3462 702 3519 ea,
718 3462 794 3525 quae
810 3443 982 3525 probabile
1007 3444 1116 3509 facere
1141 3447 1283 3529 possint,

180 3537 224 3605 ad
239 3537 414 3604 Maronem
430 3545 598 3606 auctorem
612 3544 675 3608 boc
690 3563 821 3609 carmen
838 3544 1040 3609 referendum
1055 3566 1143 3611 esse.
1187 3543 1284 3612 Alias

28 3632 36 3640 ’
132 3644 134 3650 ’
180 3640 326 3706 rationes
346 3641 477 3706 Barthii
503 3642 709 3728 aliorumque
732 3664 795 3710 nec
818 3665 1074 3711 commemorare
1090 3649 1199 3732 juvat,
1224 3665 1289 3712 nec

674 3825 779 3877 NOTAE

214 3952 222 3979 ¹
241 3953 301 4005 vid.
315 3956 387 4005 Tom.
404 3971 436 4005 rr.
451 3957 567 4021 Diuquir.
584 3970 604 4007 ι.
615 3971 636 4006 ι.
648 3971 710 4008 vur.
784 3956 1183 4022 ²Apporuiteoslo.Scurrder.
1193 3960 1285 4011 Emen-

181 4032 249 4075 extr.
259 4043 279 4077 r.
290 4043 354 4079 1111.
383 4032 448 4080 Exc.
462 4032 494 4080 ad
506 4032 563 4082 AEn.
575 4047 605 4081 rr.
618 4047 643 4096 p.
655 4037 712 4084 864.
753 4031 850 4084 arnon.
860 4050 886 4099 p.
899 4037 930 4084 ³3
942 4049 982 4101 sq.

183 4105 209 4150 t.
227 4103 285 4153 Vol.
296 4117 327 4155 rr.
360 4113 388 4156 et
398 4107 455 4157 AEu.
467 4119 494 4156 x.
506 4107 680 4173 pr.'l'om.1v.
