2730 4686
140 322 227 389 1246
489 340 520 388 r.
544 340 705 390 tracturi
730 342 897 391 aaronis

140 485 307 550 Invidisse
324 486 427 564 Deos,
443 489 561 570 patriis
574 495 611 552 ut
624 487 771 553 redditus
786 489 854 552 aris
1088 524 1090 529 .

141 585 335 673 conjugium
349 594 499 671 optatum
513 595 546 654 et
559 590 731 672 pulchram
747 587 921 674 Calydona
932 587 1098 654 uiderem!
1173 588 1239 654 27⁰

141 687 239 752 Nunc
254 689 351 752 etiam
363 689 511 754 horribili
525 691 601 754 visu
614 696 765 773 portenta
778 696 967 773 sequuntur,

140 789 184 854 Et
197 791 282 854 socii
296 792 412 853 amissi
425 792 587 872 petierunt
601 791 725 855 aethera
738 793 868 875 pennis,

127 958 180 1036 'un
193 986 339 1037 memsam
350 986 540 1037 bennenom
550 985 751 1050 uuam
762 993 868 1038 noea·
883 989 910 1039 u
924 989 1030 1053 μή..
1044 988 1164 1052 ψη
1176 992 1242 1041 a..

139 1067 187 1100 rem
204 1054 312 1102 dilectum
334 1052 454 1112 coqiagon
471 1056 494 1099 et
513 1051 639 1113 speciosam
659 1050 797 1115 Calydona?
816 1054 887 1102 Nunc
902 1068 991 1117 quoque
1008 1059 1113 1102 mum
1123 1054 1241 1106 terribilia

137 1121 231 1179 aspecta
244 1116 453 1165 iamctaatarme:
473 1117 564 1166 etrocii
578 1114 660 1163 cosmi
676 1116 797 1165 minuent
812 1117 857 1166 ulis
872 1118 897 1166 is
912 1118 998 1181 uirens,
1010 1119 1240 1170 nachumei-ruat

600 1242 775 1263 “unedone

138 1325 197 1376 edd.
207 1325 337 1377 Macrobii
349 1339 378 1376 tv
387 1327 442 1376 Sat.
454 1331 479 1376 t.
513 1327 629 1375 desidum
646 1326 730 1377 Arium
744 1327 848 1377 mbsedlt
862 1328 988 1391 preclare
1005 1328 1111 1390 Menae.
1129 1327 1197 1376 alter
1215 1335 1243 1378 et

138 1405 200 1440 aar.
212 1406 252 1454 pr.
266 1390 363 1440 Medic.
373 1398 401 1440 et
411 1391 495 1452 Gud.;
511 1406 569 1440 uam
588 1392 621 1440 ab
638 1393 723 1442 altera
740 1406 815 1442 mean
824 1394 927 1458 peremti
939 1392 1123 1455 interpolatum
1134 1399 1185 1454 est,
1203 1393 1243 1441 uti

137 1455 215 1505 etiam
228 1456 301 1504 Rom.
333 1456 449 1504 deoictm
466 1455 548 1504 Asiam
562 1457 674 1518 moedi,
694 1456 817 1506 babebat.
849 1456 901 1507 Sed
917 1456 1034 1506 amieos
1043 1457 1127 1504 Asiam
1137 1456 1241 1505 subsedit

136 1519 215 1568 etiam
224 1519 363 1568 Arusianus
377 1519 487 1568 Messius
497 1520 613 1580 agnoscit
623 1537 630 1567 ι
642 1526 671 1569 et
680 1521 797 1570 absim
808 1520 841 1569 de
849 1519 948 1570 insidiis
957 1522 1061 1583 elegans
1071 1519 1241 1570 vocabulum:

137 1583 189 1634 rid.
199 1585 262 1634 Not.
280 1583 373 1648 Itaque
384 1583 428 1634 Jo.
440 1583 510 1632 Frid.
521 1583 646 1632 Gronovii
658 1584 758 1647 jndicio
775 1585 852 1634 oues
863 1599 883 1647 1,
894 1590 923 1635 lt
936 1584 1060 1633 Heinsius
1075 1584 1179 1646 recepit
1194 1598 1242 1660 pra

137 1648 248 1712 vulgari:
266 1648 356 1696 deuicta
376 1647 444 1710 Aria,
463 1646 532 1712 qnod
547 1647 651 1696 Seruius
667 1647 734 1697 male
750 1647 918 1724 preferebat.
952 1648 984 1696 Iu
995 1647 1068 1697 naid.
1080 1655 1138 1698 erat
1149 1649 1242 1698 &aas

136 1711 408 1775 summouentem
419 1712 524 1775 Monag.
553 1727 573 1760 r.
606 1712 698 1760 decido
713 1713 818 1775 duaque
832 1713 930 1773 oisedu,
945 1711 988 1760 ed.
999 1714 1066 1761 Ven.
1081 1714 1170 1760 litam.
1202 1713 1243 1762 de·

135 1777 199 1826 nicia
217 1776 277 1826 Asia
292 1776 431 1840 pomoerii,
448 1777 513 1825 Erre.
534 1726 622 1825 Barsa.
639 1777 691 1825 dee.
708 1775 770 1826 Asia
788 1776 831 1826 nai
843 1776 1013 1836 sedata—209.
1031 1777 1140 1824 Invidere
1152 1776 1242 1840 Dap.

136 1840 215 1891 Gotir.
228 1847 288 1890 tert.
298 1857 305 1901 ;
322 1840 356 1889 ab
367 1839 563 1905 interpolatrice
571 1854 658 1899 maun,
668 1840 756 1904 credo,
768 1848 797 1891 ut
807 1839 943 1890 difficiliori
960 1840 1055 1889 rationi
1069 1840 1243 1891 subrtitnerst

135 1902 287 1956 faciliorem.
322 1904 437 1954 inuidisse
455 1903 520 1954 Deos
538 1917 586 1968 per
604 1905 818 1954 exclamationem
832 1904 946 1954 dictum:
964 1918 1001 1954 ac.
1013 1919 1044 1953 aa
1055 1903 1176 1964 assam
1191 1905 1244 1967 rel,

135 1968 260 2020 credetne
268 1968 376 2032 aliquis?
392 1982 476 2018 annon
488 1967 579 2017 durum
590 1970 643 2018 esti
659 1975 724 2032 patr.
742 1984 771 2019 se
787 1971 852 2018 redd.
869 1968 965 2018 llamb.
982 1982 1022 2031 pr.
1040 1975 1068 2018 et
1085 1968 1167 2018 Goth.
1179 1975 1241 2017 tert.

135 2033 167 2082 ln
178 2033 229 2083 fine
240 2035 289 2082 orit
299 2034 431 2093 oblongus
442 2032 520 2081 Pierii
532 2041 560 2081 et
578 2048 637 2095 pars
649 2033 739 2081 Heius.
752 2047 809 2082 cunr
828 2041 893 2082 vett.
910 2032 970 2081 edd.
982 2041 1010 2080 et
1021 2032 1047 2079 iu
1058 2030 1118 2081 edd.
1130 2032 1243 2094 vulgatis

134 2097 194 2146 inde
205 2098 238 2145 ab
252 2096 327 2145 Aidd.
428 2096 433 2108 '
463 2102 547 2143 taruen
563 2097 613 2144 aria
629 2095 747 2145 codicum
764 2096 841 2145 etiam
854 2095 1123 2158 praestantissimorum
1135 2111 1243 2145 cousen-

134 2175 177 2209 sus
189 2168 277 2210 tuetur
300 2097 532 2208 Memomani
552 2165 613 2222 eta,
629 2167 657 2210 et
673 2161 752 2208 miror
771 2162 819 2209 boc
835 2160 868 2208 ab
881 2160 988 2208 Heinsio
1000 2166 1135 2224 receptum
1145 2161 1241 2210 iterum

134 2224 263 2287 expulisse
274 2195 459 2285 bumannum,
469 2221 584 2286 inprimis
596 2238 655 2273 cum
669 2225 839 2287 patrie—ore
850 2224 938 2273 statim
948 2240 973 2273 r.
985 2227 1032 2274 281
1044 2224 1138 2273 iterum
1151 2237 1242 2274 occur·

133 2294 208 2337 rant:
226 2287 344 2337 revocavi
356 2287 444 2351 itaque
456 2289 482 2334 iu
491 2287 540 2336 irae
552 2287 674 2336 editione.
708 2287 822 2337 Tandem
837 2288 952 2337 nonnulii
970 2285 1040 2351 apud
1052 2288 1122 2337 Piar.
1133 2287 1240 2338 exbibe-

134 2352 214 2402 bant:
228 2350 435 2414 patriis.....irgis,
446 2349 514 2415 quod
524 2365 565 2414 ap.
577 2351 655 2400 Ouid.
669 2364 719 2400 xrv
736 2353 803 2401 Met.
820 2357 869 2402 tto
886 2352 976 2401 itidem
996 2352 1110 2402 occurrit
1127 2351 1154 2399 in
1171 2351 1238 2401 libb.

133 2429 182 2480 pro
198 2417 298 2478 rtrigari
315 2417 384 2478 agris
402 2415 443 2464 vel
461 2415 534 2476 arma,
550 2423 577 2463 et
594 2416 687 2465 merito
703 2416 739 2465 ibi
750 2416 857 2465 Heinsio
874 2416 1011 2479 probatur,
1028 2423 1057 2465 at
1065 2417 1090 2465 b.
1103 2416 1120 2464 i.
1133 2415 1238 2466 admitti

132 2478 1240 2608 lllultlltltisllllilblitillllleititlttitffllt

131 2609 190 2659 cira
200 2609 256 2673 ejus
268 2609 424 2658 Exn—272.
439 2608 666 2672 cumae....peaau
676 2608 739 2657 alios
749 2609 837 2672 legere
845 2609 935 2657 Servio
947 2614 1071 2669 notatum,
1081 2608 1180 2671 sicque,
1189 2621 1240 2658 uec

131 2673 301 2738 ineleganter,
311 2673 410 2738 aliquot
420 2672 491 2722 Pier.
502 2677 587 2736 etpro
596 2672 648 2722 dir.
661 2674 723 2722 lect.
734 2673 817 2736 leid,
826 2673 892 2737 quod
906 2680 1026 2736 tanquam
1043 2671 1239 2735 elegantiusque

131 2738 165 2788 sit
182 2752 241 2802 pro,
251 2739 298 2787 alis
307 2737 448 2799 maeitrrtia)
458 2745 609 2800 reposuerat
628 2738 757 2800 Heinsius,
773 2745 862 2786 tacens
872 2737 965 2786 iterum
976 2736 1056 2800 eiecit
1067 2737 1240 2786 Burmannus.

130 2801 243 2853 Videtur
254 2809 339 2852 tamen
351 2817 400 2852 nec
411 2804 465 2864 ipse
474 2802 631 2865 improbare,
642 2808 670 2850 et
682 2803 770 2851 laudat
781 2816 829 2864 pro
841 2816 872 2848 eo
882 2801 1014 2850 (lucilium
1024 2806 1051 2848 et
1060 2800 1195 2849 Davisiuur
1206 2800 1240 2848 ad

62 2908 66 2931 ,
132 2868 199 2918 ees.
213 2868 235 2916 1.
244 2868 276 2916 B.
288 2868 322 2915 G.
335 2872 375 2916 22.
410 2868 505 2915 Narrat
518 2880 618 2930 quoque
635 2865 771 2914 Schottum
783 2878 804 2912 ιι
817 2864 895 2913 Obss.
908 2868 940 2914 49
952 2863 1070 2913 maluisse
1081 2863 1175 2913 missis
1182 2879 1240 2927 pea-

131 2931 228 2993 aiepro
238 2930 344 2977 emissis.
377 2931 474 2977 minuet
485 2929 564 2977 Goth.
576 2942 615 2991 pr.
641 2928 727 2975 adonai
738 2928 804 2977 Ven.
830 2927 882 2976 Sed
893 2927 1017 2977 librorum
1028 2928 1170 2977 arroteritae
1183 2936 1239 2977 tue·

132 3000 175 3045 tur
193 2994 251 3042 socii
269 2993 364 3041 moissi:
382 2993 417 3040 aie
436 2992 513 3041 Rom.
531 2989 630 3039 Medic.
652 3000 679 3039 et
698 2993 798 3041 ceteri:
817 2992 866 3040 etsi
884 2991 916 3040 ad
934 3006 1009 3042 aures
1025 2991 1106 3041 miuus
1126 2998 1238 3056 gratum.

630 3125 736 3176 NOTAE

132 3228 186 3282 rat;
202 3221 378 3271 insidiatorem
388 3220 533 3270 adulterum
550 3234 603 3268 uon
621 3219 664 3268 de·
704 3223 746 3272 vei
758 3220 792 3272 ob
803 3223 867 3272 iram
878 3220 997 3284 Veneris,
1007 3222 1065 3271 viro
1076 3219 1161 3270 adbuc
1174 3221 1238 3272 Dio·

130 3297 271 3362 fuisse,qui
282 3297 396 3346 eumsub
408 3295 492 3361 prima
502 3294 664 3345 domnaliuri·
703 3297 787 3362 mede,
797 3305 829 3347 ut
847 3299 919 3348 aium
936 3297 1061 3360 Virgilius
1080 3303 1109 3345 et
1128 3296 1239 3347 Ovidius

129 3374 334 3438 uaprimomque
346 3372 456 3422 reditum
465 3372 633 3436 opprimeret.
703 3373 813 3423 Metam.
830 3375 849 3423 i.
862 3387 921 3424 xrv.
934 3377 991 3423 tot.
1008 3375 1051 3422 vel
1069 3373 1103 3422 ob
1123 3372 1237 3423 dolorem

162 3446 429 3510 necrologiumstpa]
442 3447 570 3508 Corp'agem
579 3447 663 3512 AEgia·
702 3451 789 3501 amissi
808 3458 892 3501 morte
913 3448 1057 3510 Diomedis,
1078 3454 1108 3496 ut
1130 3447 1238 3499 innuere

129 3520 360 3586 ieem,supra24³.
382 3522 610 3585 Calydonaurbem
622 3523 664 3572 Β·
702 3527 805 3577 videtur
819 3527 914 3576 Strabo
931 3526 1036 3590 aliique.
1071 3523 1125 3572 Has
1136 3537 1198 3573 aves
1209 3524 1237 3573 in

130 3598 209 3662 tollae,
220 3614 295 3663 quam
312 3597 453 3648 Diomedes
472 3604 501 3648 et
518 3598 589 3649 avito
600 3601 662 3665 jore
702 3602 740 3652 his
750 3609 851 3653 tantum
868 3602 955 3652 insulis
970 3600 1078 3664 reperiri
1087 3600 1125 3648 ait
1136 3599 1237 3651 Plinius

129 3677 290 3743 possidebat,
309 3688 337 3728 et
357 3676 433 3726 arruis
449 3675 593 3740 domuerat,
604 3678 662 3727 AEn.
702 3679 720 3728 l.
730 3691 757 3727 x.
768 3683 810 3728 it.
825 3691 920 3742 easque
931 3675 1022 3725 dentes
1032 3674 1139 3736 babere,
1151 3675 1238 3724 colore

129 3767 180 3803 vu.
192 3758 250 3805 iod.
703 3767 758 3803 esse
776 3751 907 3814 candidas,
924 3748 1031 3800 iuieatas
1049 3748 1154 3798 advenis
1171 3762 1238 3812 prae·

160 3830 662 3897 iiidcciierniasi,lpc.]Circapromon-
702 3836 820 3894 terquam
834 3826 945 3878 Grecis.
977 3826 1092 3877 loannes
1109 3824 1237 3873 Meursius

129 3908 223 3957 terium
230 3907 330 3972 Apuliae
338 3908 494 3972 Garganum,
501 3909 663 3970 insularum,
701 3905 851 3954 aiteasdem
869 3919 924 3954 erse
935 3918 993 3968 quae
1004 3899 1237 3951 Grecisdmutur

128 3995 179 4033 nou
191 3982 296 4046 dna,ut
313 3982 349 4031 ait
363 3982 523 4047 Strabo‚sed
537 3983 662 4049 quinque:
702 3980 797 4047 ἐρωδιοὶ,
815 3981 913 4030 Latinis
931 3981 1019 4040 πάθω,
1040 3976 1123 4026 Gallis
1143 3974 1236 4025 Murus.

49 4061 52 4065 ’
128 4055 267 4107 ὓίοπιιᾶιω
283 4058 316 4107 ab
333 4059 444 4124 antiquis
461 4059 554 4108 dietae:
571 4060 661 4107 irarum
701 4057 800 4106 Plinius
816 4053 881 4105 tacit
894 4053 1026 4114 saliem
1037 4051 1142 4100 similes.
1176 4048 1237 4100 ovi-

127 4130 315 4183 ruaxiurauuuc
329 4133 437 4184 lbemiti.
458 4136 516 4186 llilc
525 4133 661 4186 Diomedis
701 4131 758 4182 dius
773 4145 825 4181 nou
845 4142 928 4196 eperum
946 4127 1060 4195 quidem,
1079 4126 1125 4178 sed
1146 4125 1235 4192 cycnis

126 4207 191 4261 socii
210 4208 238 4261 in
259 4223 320 4263 ares
340 4209 473 4276 finguntur
491 4210 659 4262 commutati:
700 4207 840 4273 proximas.
