2730 4686
401 384 684 438 enonoolu'tutt
707 343 960 439 aestimatus·

133 526 237 615 Atque
250 525 332 592 alias
346 515 529 593 aliodenset
542 549 633 613 super
647 527 772 615 agmine
787 527 933 591 turmas?

134 629 299 715 impietate
302 627 381 716 sero
395 629 551 695 vecordem
566 628 718 695 Colchida
734 642 865 694 matrem

132 730 238 794 Anaia
253 729 380 794 solicitis
395 729 593 821 meditantem
606 730 735 795 uulnera
752 730 859 794 notis?

132 832 185 895 An
198 829 396 896 Pandionias
411 830 598 896 miserandas
608 831 698 917 prole
710 829 858 917 puellas?

136 931 277 1002 Quarum
293 957 351 997 oon
367 936 406 999 cit
421 932 496 1019 Ityn
511 945 540 999 et
554 934 640 1023 Ityn,
656 956 716 1020 quo
736 932 898 998 Bistonius
913 955 967 999 reu

136 1032 240 1098 Orbus
254 1058 344 1120 epops
359 1046 463 1101 maret
476 1036 613 1101 volucres
626 1045 741 1101 evectus
757 1036 909 1100 inauras.

134 1135 178 1197 As
193 1134 401 1200 discordantes
419 1134 553 1201 Cadmeo
567 1138 679 1202 semine
681 1137 809 1224 fratres

134 1235 210 1300 Jam
228 1236 523 1321 truculentaferunt
539 1237 712 1324 infestaque
727 1237 846 1303 luminu
862 1261 971 1325 corpus

135 1335 226 1402 Alter
239 1339 273 1403 in
288 1338 437 1416 alterium·
448 1340 582 1425 jamque
593 1352 755 1404 aversatur
769 1352 906 1428 uterquc,

135 1438 238 1525 Impia
249 1443 390 1528 germani
404 1453 512 1505 manat
526 1441 609 1528 quod
621 1443 771 1527 sanguine
784 1442 905 1508 dextra.

137 1538 237 1606 Heu!
258 1542 336 1606 beu!
357 1544 524 1608 mutandus
538 1565 698 1630 nunquam
713 1543 825 1608 labor!
847 1541 987 1630 Asfferor
1000 1540 1086 1607 ultro

137 1641 177 1706 In
191 1642 324 1708 diversa.
367 1644 477 1731 Magis
491 1644 642 1710 distantia
657 1644 768 1709 limina
782 1666 890 1722 cerno,·

135 1741 247 1810 *Lata
264 1745 352 1810 loca*
370 1745 571 1833 Elysiumque
586 1769 685 1836 angor
700 1746 820 1811 delatus
835 1748 877 1811 ad
892 1744 1042 1812 umbram.

137 1845 240 1911 Obvia
256 1847 450 1932 Persephone
465 1849 585 1912 comites
602 1847 743 1913 heroidas
758 1859 848 1935 urget

136 1947 292 2013 Adversas
302 1949 442 2035 perferre
455 1949 544 2014 vices.
589 1948 723 2014 Alcestis
737 1951 777 2014 ab
792 1950 876 2015 omni

137 2049 297 2115 Inviolata
312 2063 403 2116 vacat
414 2073 503 2123 cura.
519 2051 603 2137 quod
616 2072 695 2116 sava
710 2052 819 2116 mariti

138 2151 210 2237 ipsa
224 2151 380 2239 suisfatis
394 2154 522 2218 Admeti
525 2153 607 2239 foto
621 2170 743 2220 morata
758 2168 812 2221 est.

137 2252 219 2319 Ecce
231 2253 333 2320 Itbaci
348 2257 459 2343 conjtm
471 2253 695 2321 *Lotrttcte*
712 2257 858 2323 Icariotis

137 2352 321 2421 Femineum
337 2356 515 2445 incorrupta
530 2356 640 2422 decus!
661 2369 765 2424 manet
780 2370 810 2426 et
820 2359 934 2446 procul
947 2359 1006 2426 itta

137 2455 243 2522 Turbo
247 2459 347 2546 feros
350 2460 503 2545 juvenum
517 2458 588 2523 telis
601 2458 719 2544 confiso
734 2461 855 2524 mariti.

139 2557 226 2628 Quid
239 2563 349 2626 misera
366 2561 545 2651 Eurydice!
567 2562 661 2626 tacito
673 2584 800 2626 marone
814 2563 945 2640 recessit,

136 2660 283 2749 Poaeque
298 2675 515 2750 respectantem
530 2675 558 2728 et
573 2686 654 2728 nunc
669 2676 771 2730 manet
786 2662 910 2749 Orpbea
924 2684 1035 2726 serum.

137 2763 254 2828 Audax
267 2764 322 2829 itte
337 2765 470 2852 quidem,
485 2765 541 2853 qui
553 2766 657 2829 mitem
671 2764 824 2830 Cerberon
839 2785 977 2852 unquam

139 2864 290 2944 Credidit,
302 2879 358 2932 aut
373 2868 432 2931 atti
448 2867 537 2932 Ditis
548 2865 709 2953 placabile
724 2889 833 2932 aunsen
842 2891 854 2943 ,·

25 3025 27 3029 ,
139 2966 203 3034 Nec
218 2969 323 3034 timuit
336 2970 563 3059 Phlegethonta
565 2969 729 3058 furentem
744 2969 924 3035 ardentibus
938 2968 1031 3035 undis

139 3068 204 3134 Nec
217 3081 324 3136 masto
340 3071 451 3136 obtutu
464 3073 535 3138 dira
551 3083 581 3137 et
583 3071 755 3160 formigine
765 3094 859 3160 regna

139 3168 346 3260 Defossasque
359 3174 461 3239 domos
476 3197 513 3238 oc
527 3174 664 3238 turcam
679 3184 765 3238 noete
780 3172 937 3240 tremenda

141 3271 264 3354 Obsita,
275 3297 328 3339 nec
332 3274 452 3362 faciles
466 3275 556 3342 Ditis
570 3278 635 3342 sine
639 3278 750 3364 judice
766 3277 859 3357 sedes,

139 3372 262 3455 Judice,
275 3387 344 3461 post
359 3388 487 3442 mortem
498 3379 553 3465 qui
563 3380 633 3443 oita
647 3378 787 3443 vindieat
798 3389 883 3443 acto.

141 3478 203 3541 Sed
205 3478 344 3565 fortuna
350 3478 469 3565 favens
484 3479 631 3545 audacem
635 3478 763 3564 fecerat
779 3477 905 3566 Orpheo
914 3504 927 3557 ,-

140 3578 215 3643 Jom
231 3582 335 3665 rapidi
349 3592 498 3646 steterant
512 3601 627 3659 amnes,
638 3591 667 3645 et
681 3580 931 3667 spissaferarum

141 3680 272 3747 Blanda
288 3706 360 3748 voce
373 3706 487 3771 sequar
502 3682 650 3749 insiderat
664 3704 743 3747 arva
760 3703 894 3758 corono,·

140 3783 275 3874 Jamque
289 3789 385 3852 imam
400 3787 497 3852 viridi
512 3785 648 3851 radicem
661 3794 813 3850 emoverat
824 3781 893 3849 otta

142 3887 282 3956 Quercus
297 3891 400 3968 burno,
411 3890 605 3975 sequiturque
619 3910 722 3965 comes,
734 3883 885 3974 sqloaquc
898 3909 1021 3954 sonoros

639 4068 745 4122 Now

145 4222 148 4229 ·
171 4187 255 4241 locu
266 4190 300 4243 do
309 4190 417 4256 Orpheo
427 4189 489 4242 tote
499 4204 516 4240 s
525 4203 552 4240 v.
562 4190 612 4244 8⁰⁰
622 4199 671 4252 sq,
710 4197 770 4236 mon
780 4197 813 4235 ex
824 4180 992 4235 felicioribus.

139 4263 189 4315 aa
205 4266 290 4320 sueno
306 4267 365 4319 loco
381 4265 557 4333 interpositus,
575 4267 617 4317 sa
633 4268 672 4313 tn·

1147 362 1234 440 1449
